4614 5752
1043 323 1195 416 „ai-

377 521 428 580 Ad
441 521 528 580 finem
541 527 588 580 eat
598 522 749 599 perducta
760 523 910 598 quaestio,
923 543 1014 601 quam
1025 523 1220 586 instituimus
1232 525 1269 586 de
1279 526 1414 586 dictione
1426 527 1647 604 prooemiorum
1658 529 1844 603 contionum,
1857 550 1936 605 quae
1951 530 2008 590 sub

222 618 444 686 De'mosthenis
466 622 587 682 nomino
609 623 873 698 circumferuntur,
898 645 969 684 num
991 627 1071 685 sorte
1094 627 1150 686 illa
1172 629 1211 687 ad
1235 634 1323 688 ortus
1346 628 1481 690 illustris
1503 629 1647 690 honorem
1670 631 1821 690 adducere
1843 651 2008 708 possemne.

221 724 421 804 Exposuinus
455 730 557 785 sutem
588 743 715 802 prorsus
748 725 853 790 nullas
892 727 1076 800 locutiones,
1110 728 1197 788 nulla
1229 729 1324 788 verba
1350 727 1573 804 verborumque
1606 735 1780 792 structuras
1806 731 2008 792 abhorrerea

224 827 442 888 Demosthenis
466 827 584 886 ratione
605 833 702 902 atque
724 828 946 888 consuetudine
969 829 1105 901 dicendi,
1130 831 1297 890 statuimus
1327 849 1387 888 non
1410 831 1577 892 desiderari
1602 825 1753 906 ornatirm,
1779 833 2007 910 qui.egregiam

221 929 390 990 clarissimi
413 929 545 992 oratoris
567 933 664 988 artem
685 928 814 988 maxime
836 929 968 1000 exhibet,
993 930 1125 990 vidimus
1148 932 1397 1010 compositionem
1421 932 1498 994 satis
1514 953 1681 1009 congruere
1700 955 1767 994 cnm
1790 936 2008 1014 compositione

217 1032 468 1097 Demostheniea.
513 1031 614 1096 Mults
636 1031 714 1094 haec'
732 1038 764 1102 et
787 1031 945 1094 luculenta
968 1032 1056 1108 signa
1078 1033 1263 1097 elocutionis
1280 1031 1504 1108 Demosthenis,
1530 1054 1608 1112 qnae
1631 1038 1765 1113 praefert
1786 1037 2007 1116 prooemiorum

218 1133 375 1207 collectio,
393 1152 499 1212 ¹nerine
520 1133 647 1194 maxime
669 1133 809 1210 suadent,
833 1138 870 1192 ut
895 1153 960 1194 cam
982 1135 1116 1214 principi
1139 1140 1293 1198 oratorum
1315 1134 1523 1199 vindicemus?

378 1233 425 1292 At
453 1253 526 1306 vero
554 1233 581 1294 si
610 1233 680 1310 quie
709 1233 801 1292 etiam
831 1254 913 1292 nunc
946 1235 1102 1296 dubitabit
1132 1237 1170 1294 de
1197 1236 1331 1312 genuina
1357 1237 1476 1314 origine
1503 1239 1725 1317 prooemiorum
1751 1241 1952 1316 collectionis,
1979 1244 2006 1300 ei

217 1355 321 1402 omnes
345 1334 505 1412 scrupulos
528 1334 668 1398 evulsum
691 1334 731 1396 iri
754 1355 842 1411 spero
864 1336 1063 1410 argumentis,
1088 1356 1166 1412 quae
1188 1355 1268 1403 nnnc
1290 1339 1468 1418 prolaturus
1491 1360 1566 1400 sum.
1605 1340 1868 1421 Atque-primum
1885 1344 2007 1418 quidem

219 1436 375 1514 prooemia
408 1436 581 1496 contionum
617 1436 648 1494 in
682 1437 824 1496 omnibus
851 1437 1009 1498 codicibus
1039 1458 1165 1516 operum
1192 1439 1497 1500 Demosthenicomm
1527 1447 1659 1504 exstent.
1702 1443 1822 1505 Deinde
1850 1444 2007 1510 distinctis

224 1540 325 1598 verbis
347 1543 514 1602 memoratu
536 1543 608 1598 suut
629 1543 665 1600 ut
687 1558 759 1600 vere
781 1537 1020 1608 Demosthenica
1035 1563 1052 1599 a
1066 1541 1162 1617 prisci
1177 1543 1246 1606 aevi
1267 1543 1472 1618 grammaticis
1487 1543 1732 1622 Harpocratione
1746 1551 1767 1623 ι)
1791 1553 1822 1606 et
1837 1547 1965 1608 Polluce
1974 1548 2008 1623 2).

225 1641 299 1702 Tum
322 1641 399 1704 satis
423 1645 546 1703 constat
567 1639 692 1702 exordia
713 1641 779 1700 sola
802 1641 959 1704 elaborata
981 1661 1046 1702 esse
1068 1663 1129 1702 non
1152 1645 1240 1703 modo
1264 1665 1281 1706 a
1303 1645 1450 1723 pluribus
1474 1642 1608 1721 Graecis,
1631 1647 1743 1723 quibus
1766 1649 1798 1708 in
1821 1650 1886 1712 loro
1909 1653 1941 1708 et
1962 1648 2008 1710 iu·

223 1742 301 1802 dicio
325 1743 485 1800 dicendum
509 1745 585 1815 erat,
608 1747 645 1798 ut
667 1741 706 1799 ab
729 1740 940 1817 Antiphonte,
969 1741 1075 1814 Critia,
1100 1742 1247 1821 Cephalo,
1269 1743 1495 1822 Thrasymacho
1505 1749 1545 1824 ³),
1568 1768 1672 1807 verum
1696 1748 1789 1808 etiam
1811 1770 1829 1810 a
1852 1750 2007 1824 Cicerone,

224 1846 276 1921 qni
300 1843 394 1912 huius
417 1845 461 1907 rei
484 1845 551 1920 ipse
575 1843 725 1921 expressis
748 1845 850 1904 serbis
871 1845 963 1907 testie
984 1849 1071 1923 cett)
1101 1846 1147 1906 hlx
1169 1867 1231 1924 qno
1253 1849 1402 1924 sequitur,
1426 1853 1462 1910 nt
1483 1869 1582 1924 neque
1599 1849 1694 1910 luerit
1708 1853 1831 1916 omniuo
1846 1851 2006 1928 indignum

218 1946 396 2010 oratoribus
427 1951 534 2024 partes
569 1945 716 2022 quasdem
747 1946 896 2008 orationis
930 1953 1129 2024 praeparatas
1163 1947 1276 2012 habere
1302 1969 1401 2026 neque
1430 1951 1496 2010 veri
1525 1951 1672 2012 dissimile
1701 1953 1743 2012 sit
1770 1951 2006 2018 Demosthenem

220 2069 345 2126 qnoque
367 2049 523 2126 prooemia
544 2066 600 2125 per
622 2047 717 2105 otium
741 2048 922 2108 exaravisse.
966 2049 1043 2110 Tum
1070 2070 1197 2128 prorsus
1225 2051 1305 2113 nihil
1328 2059 1390 2126 est,
1417 2073 1472 2110 cur
1494 2037 1747 2128 Demosthenem,
1775 2075 1866 2132 quem
1895 2055 2007 2118 ecimus

221 2157 309 2218 tanta
332 2170 401 2210 oum
423 2149 589 2236 diligentia
612 2155 707 2230 atque
730 2149 915 2212 assiduitate
938 2151 1018 2210 domi
1042 2153 1195 2212 orationes
1218 2172 1290 2214 snae
1313 2153 1437 2214 solitum
1461 2173 1526 2213 esse
1549 2154 1704 2216 elaborare
1726 2161 1757 2216 et
1785 2155 2006 2236 quodammodo

221 2255 412 2336 sculper05),
436 2257 472 2312 ut
494 2253 625 2324 doleret,
648 2252 694 2327 „ei
718 2253 840 2328 quando
863 2252 1005 2332 opificum
1027 2254 1209 2318 antelucana
1236 2253 1339 2316 rictus
1369 2259 1450 2316 esset
1477 2254 1685 2334 industrium)
1708 2291 1750 2304 —-
1774 2277 1840 2330 cur,
1872 2257 2006 2334 inquam,

220 2355 458 2422 Demosthenem
479 2356 518 2414 ad
541 2353 679 2414 futurum
702 2369 790 2414 usum
812 2357 968 2440 prooemia
991 2355 1154 2418 coniecisse
1176 2375 1329 2434 negemus,
1354 2357 1533 2434 praesertim
1557 2377 1623 2418 cnm
1641 2357 1756 2432 Cicero,
1782 2359 1834 2435 qui
1858 2359 1961 2424 serbis
1976 2380 2008 2419 se

222 2459 375 2518 abundare
397 2457 594 2532 gloriaturi),
618 2456 810 2517 exordiorum
834 2457 1047 2515 collectionem
1077 2457 1229 2518 habuerit.
1273 2457 1418 2536 Denique
1445 2460 1599 2536 prooemia
1625 2459 1802 2521 inventione
1829 2469 1903 2520 sunt
1935 2464 2006 2520 emi·

223 2561 406 2623 nentieeima
428 2558 630 2642 inprimisque
652 2558 774 2620 excellit
797 2559 931 2635 scriptor
954 2579 1056 2621 eornm
1071 2559 1247 2622 admirabili
1263 2561 1394 2638 quadam
1409 2560 1559 2622 facultate
1574 2561 1751 2623 auditorum
1767 2562 1882 2622 animos
1900 2562 2006 2622 multis

223 2663 382 2738 variisque
405 2659 591 2737 argumentis
614 2660 653 2719 ad
675 2664 793 2720 attente
817 2661 1000 2720 audiendum
1023 2665 1260 2742 comparandis)

377 2761 437 2822 sed
453 2767 617 2841 antequam
631 2761 691 2820 toti
707 2762 779 2825 huic
793 2769 917 2824 nostrae
932 2765 1259 2828 commentatiunculae
1275 2765 1364 2828 finem
1378 2766 1572 2845 imponimus,
1588 2769 1721 2846 paucula
1736 2767 1871 2828 dieamus
1884 2787 2006 2828 necesse

229 2869 349 2928 videtur
382 2867 420 2926 de
451 2863 577 2944 iudiciis
609 2864 746 2926 virorum
768 2865 938 2939 doctorum,
973 2868 1027 2943 qui
1056 2869 1212 2946 prooemia
1239 2869 1336 2930 nullis
1364 2869 1552 2944 argumentis
1576 2874 1682 2932 contra
1703 2887 1878 2945 germanum
1902 2889 2004 2928 eorum

233 2975 329 3028 ortum
347 2967 479 3050 prolatis
503 2967 697 3027 addubitant.
732 2965 839 3040 Fuere,
863 2973 899 3028 nt
922 2988 1017 3048 snpra
1039 2970 1155 3030 dietum
1176 2973 1271 3050 esti),
1294 2971 1348 3048 qui
1371 2972 1524 3052 prooemia
1546 2973 1585 3031 ab
1607 2991 1669 3034 nno
1692 2972 1857 3048 eodemque
1879 2977 2005 3031 auctore

228 3072 339 3148 scripte
362 3089 427 3129 esse
443 3075 599 3146 negarent.
628 3069 765 3146 Quorum
781 3069 955 3148 opinionem
971 3071 1060 3132 valde
1075 3071 1262 3150 improbable
1279 3073 1344 3132 sine
1360 3071 1462 3148 dnbio,
1478 3073 1505 3138 si
1520 3072 1737 3137 similitudines
1753 3073 2003 3146 consideraveris,

225 3193 301 3250 quae
324 3171 520 3233 intercedunt
542 3171 624 3230 inter
646 3171 770 3246 singula
791 3173 956 3247 prooemia.
992 3173 1084 3233 Alias
1106 3195 1200 3258 supra
1221 3175 1388 3240 statuimus
1411 3175 1596 3236 disserentes
1619 3176 1656 3240 de
1678 3175 1805 3238 vocibus
1828 3172 2006 3258 ἀκροατής,

224 3269 309 3350 ἄνευ,
334 3267 601 3355 ἀποτρέπεσθαι,
625 3268 824 3350 αὐτόματον,
848 3269 939 3334 ὃυοῖν
961 3270 1119 3358 θάτερον,
1142 3274 1275 3338 ἐθέλειν
1298 3273 1437 3353 ἀκούειν,
1459 3278 1505 3352 εἰς
1519 3275 1544 3348 Ι,
1559 3273 1749 3356 κράτιστον.
1771 3280 1898 3356 κρίνειν,
1924 3283 2005 3354 cett„

222 3381 307 3450 alias,
332 3382 370 3435 ut
393 3377 490 3453 magis
513 3374 604 3432 etiam
627 3374 800 3436 refellamus
823 3375 946 3434 illorum
970 3377 1162 3452 sententiam,
1185 3379 1325 3441 addimus
1349 3377 1413 3437 hic:

376 3496 508 3556 prooem.
536 3475 570 3534 1:
583 3477 622 3554 ¹⁰)
657 3473 856 3557 πειράσομαι
879 3474 1121 3556 συμβουλεύειν,
1143 3467 1168 3540 ci
1190 3476 1356 3556 κράτιστοι
1378 3473 1463 3543 εἶναι
1485 3474 1606 3554 νομίζω
1630 3479 1678 3541 cll.
1703 3499 1833 3557 prooem.
1856 3479 1919 3538 XI:
1955 3477 2005 3540 dec

218 3579 423 3664 πειράσομαι
446 3613 486 3621 -
510 3573 754 3656 συμβουλεῦσαι
776 3574 812 3639 δὲ·
834 3567 857 3639 οἳ
880 3575 1046 3657 κράτιστοι
1068 3577 1191 3658 νομίζω
1214 3587 1246 3639 et
1268 3579 1379 3640 XXX:
1401 3578 1599 3662 nespelbaum
1614 3572 1644 3640 δ’
1658 3573 1681 3642 ei
1696 3579 1863 3661 κράτιστα
1886 3576 2006 3660 νομίζω

221 3680 486 3764 συμβουλεῦσαι;

373 3782 448 3840 ibid.
471 3783 600 3860 πρῶτον
626 3781 684 3857 μὲν
710 3771 766 3842 οὖν
788 3779 872 3858 ὑμᾶς
894 3783 998 3844 ἐκεῖνο
1021 3777 1273 3860 ὲγνωκένιιίὸεῐ
1290 3813 1316 3833 =
1338 3803 1470 3862 prooem.
1493 3783 1602 3846 XXX:
1634 3804 1665 3846 rr.
1686 3807 1718 3862 μ.
1741 3775 1799 3848 οὖν
1821 3788 1849 3846 ὑ.
1871 3788 1894 3845 t.
1917 3787 1940 3845 ἐ.
1963 3783 2008 3860 ἃς

373 3902 504 3962 prooem.
528 3883 578 3941 Ην
606 3877 683 3956 Ostra
707 3879 816 3944 ταύτὰ
839 3883 1034 3961 γιγνώσκειν
1057 3884 1095 3943 cl.
1118 3905 1249 3962 prooem.
1272 3885 1334 3948 IX:
1365 3881 1420 3946 ot.
1445 3908 1473 3949 τ.
1496 3885 1702 3964 γιγνώσκων

221 4023 401 4034 ----ψι--
414 4023 426 4028 -
445 4021 526 4028 --·-·

375 4091 398 4148 1)
417 4089 536 4138 Lexicon
553 4089 582 4136 in
600 4087 681 4136 Xer.
701 4087 783 4136 Attio.
803 4089 853 4145 (ex.
872 4102 923 4137 rec.
943 4087 974 4136 G.
993 4087 1144 4148 Dindorfiil,
1164 4089 1192 4138 in
1210 4089 1320 4138 roeihus
1338 4082 1409 4160 ἀρχή
1428 4097 1456 4139 et
1473 4086 1606 4160 deperdita.
1680 4106 1683 4119 ·

374 4176 399 4234 2)
420 4173 583 4225 Onomaatic.
603 4173 648 4232 VI,
670 4170 773 4220 113ι1ν
790 4174 835 4230 μέν
853 4189 895 4221 τοι
915 4175 970 4229 τοῖς
989 4173 1226 4235 συμβουλευτικοῖς
1243 4173 1400 4242 προοιμίοις
1417 4177 1470 4226 τοῦ
1487 4177 1690 4240 Λημοσθένους.

377 4259 403 4319 3)
422 4257 462 4308 θί,
473 4259 597 4323 Spengel.
610 4253 758 4323 Συναγωγὴ
770 4259 867 4320 τεχνῶν
879 4271 941 4322 pgg.
957 4261 1004 4308 105
1014 4271 1079 4320 sqq,
1090 4256 1175 4307 Blass.
1185 4259 1252 4320 eloq.
1265 4261 1313 4308 art.
1326 4259 1348 4319 I,
1360 4273 1422 4324 pgg.
1437 4263 1493 4320 103,
1508 4265 1564 4321 243,
1577 4264 1634 4322 263,
1647 4263 1696 4322 111,
1711 4265 1732 4320 1,
1744 4275 1806 4324 pgg.
1817 4266 1830 4308 1
1842 4275 1900 4322 sqq.
1909 4266 1938 4309 et
1950 4261 2006 4308 284.

327 4349 331 4358 ’
378 4345 404 4404 4)
423 4343 458 4391 ed
479 4343 562 4395 Attic.
586 4345 660 4404 XVI,
685 4349 713 4394 6:
742 4345 799 4408 „De
817 4343 909 4396 Gloria
925 4339 1023 4396 librum
1041 4342 1075 4396 ad
1092 4347 1120 4394 te
1138 4341 1210 4395 misi:
1237 4347 1266 4392 at
1286 4343 1316 4397 in
1339 4359 1371 4396 eo
1394 4345 1561 4408 prooemium
1582 4345 1611 4396 ld
1631 4351 1679 4406 est,
1704 4345 1775 4409 quod
1796 4345 1826 4396 in
1843 4343 2006 4396 Academico

221 4431 309 4486 tertio.
343 4427 377 4485 Id
400 4427 491 4480 evenit
514 4431 549 4480 ob
577 4445 636 4482 eam
658 4445 723 4490 rem,
751 4429 839 4494 quod
865 4429 970 4484 habeo
1001 4428 1153 4480 volumen
1179 4429 1432 4492 prooemiorum.
1467 4431 1509 4483 Ex
1532 4444 1565 4480 eo
1583 4431 1682 4495 eligere
1700 4432 1780 4495 soleo,
1799 4445 1880 4501 quum
1898 4429 2006 4492 aliquod

223 4512 384 4586 σύγγραμμα
401 4511 514 4566 insutu.
551 4514 646 4576 Itaque
665 4515 720 4570 iam
737 4514 766 4572 in
784 4515 943 4575 Tusculana,
963 4513 1009 4576 qui
1026 4529 1081 4564 non
1099 4513 1287 4573 meminissem,
1305 4529 1348 4563 me
1367 4516 1479 4566 ebusum
1496 4515 1549 4568 isto
1566 4515 1710 4580 prooemio,
1734 4516 1836 4566 conieci
1853 4516 1881 4564 id
1899 4516 1926 4564 in
1945 4530 2006 4566 eum

223 4599 328 4662 librum,
347 4613 427 4663 quem
449 4597 500 4647 tibi
516 4597 586 4648 misi.
617 4599 705 4656 Quum
723 4605 815 4649 autem
832 4597 859 4648 in
877 4599 941 4648 navi
959 4600 1076 4662 legerem
1093 4597 1278 4660 Academicos,
1296 4598 1397 4662 agnovi
1414 4604 1542 4650 erratum.
1572 4601 1667 4664 ltaque
1686 4601 1777 4651 statim
1795 4615 1895 4650 novum
1913 4613 2006 4666 proce·

223 4684 306 4733 mium
324 4683 441 4745 exaravi,
459 4681 510 4732 tibi
526 4683 593 4732 misi
630 4683 671 4731 Tu
688 4683 756 4732 illud
773 4683 917 4742 desecabis,
935 4683 986 4732 hoc
1004 4681 1199 4746 agglutinabis“
1219 4707 1252 4718 -
1270 4682 1412 4732 ridiculum
1429 4685 1485 4733 sere
1503 4685 1586 4743 nobis,
1604 4687 1634 4732 ut
1653 4683 1812 4746 Spengelius
1829 4689 1913 4748 putat.

375 4769 401 4832 5)
418 4767 489 4818 Plut.
513 4765 562 4816 sit.
585 4767 663 4814 Dem.
685 4769 709 4825 8,
735 4770 774 4826 11,
802 4766 893 4823 Quint.
916 4767 977 4826 ΧΠ,
1003 4771 1026 4827 9,
1052 4770 1091 4826 lt,
1117 4767 1228 4831 Dionys.
1247 4765 1280 4816 ds
1298 4781 1383 4830 comp.
1403 4768 1475 4816 verb.
1494 4783 1516 4820 c.
1536 4771 1567 4820 25
1592 4773 1619 4817 st
1636 4769 1713 4826 Dem.
1733 4772 1772 4828 25,
1798 4769 1865 4820 Vitt.
1884 4769 1910 4818 Χ
1937 4773 2005 4818 orat.

227 4855 265 4916 (p.
284 4855 334 4904 802
347 4854 389 4915 Ε),
406 4856 493 4910 Blass.
510 4851 595 4918 eloqu
615 4855 664 4902 att.
683 4851 734 4912 III,
756 4857 777 4911 1,
794 4866 874 4920 pugg.
894 4857 924 4906 19
941 4867 1007 4921 sqq,
1026 4851 1147 4905 Dudum
1166 4851 1206 4904 ed
1224 4851 1296 4916 Lips.
1315 4867 1339 4915 p.
1358 4853 1462 4902 LXXX
1479 4857 1535 4906 not.
1552 4867 1577 4902 s.

376 4939 402 5000 6)
422 4941 474 4990 Cio.
494 4939 571 4988 Tuae.
590 4936 699 4995 Quaest.
717 4935 765 4996 IV,
786 4940 824 4998 19,
843 4941 884 4986 44.

375 5024 400 5084 ι)
419 5025 453 5073 ao
471 5025 527 5074 att.
546 5025 666 5084 111151,
685 5027 708 5071 e.

378 5109 403 5168 8)
421 5109 490 5160 Vide
509 5109 607 5159 Elassii
625 5107 642 5157 l.
660 5107 679 5158 1.
696 5121 775 5172 pagg.
795 5110 938 5158 285-286.
1145 5107 1171 5167 9)
1188 5121 1217 5168 p.
1237 5111 1258 5154 1.

361 5192 404 5252 10)
424 5193 528 5244 Abhinc
547 5209 654 5244 rursum
672 5191 802 5244 Diudorfii
820 5191 936 5243 editione
954 5193 981 5243 in
999 5191 1142 5244 afferendis
1160 5191 1226 5241 locis
1243 5199 1357 5241 utemur.
