4614 5752
1108 315 1260 410 A

288 515 378 578 καλά
401 537 457 595 pro
477 535 507 576 ιι.
530 521 643 594 χέχονε
666 537 697 576 ιι.
721 517 761 575 ib.
782 515 866 591 LIV,
889 515 1028 594 πότερον
1049 514 1223 594 δικαιότερ’
1249 537 1305 594 pro
1327 514 1452 596 πότερα
1474 515 1503 576 ὁ.
1526 516 1567 575 ib.
1590 515 1674 576 LVI.
1711 515 1780 574 Alii
1794 515 1853 574 loci
1869 516 1972 576 verbis
1988 515 2082 576 aliter

289 619 479 678 collocandis
502 619 680 679 emendandi
704 619 852 677 videntur
873 639 953 678 esse:
983 619 1084 678 scribe
1112 616 1169 678 καὶ
1192 618 1243 690 τίς
1266 614 1319 700 ὑφ’
1344 614 1434 695 ὑμῶν
1456 611 1499 677 ἄν
1521 636 1578 694 pro
1601 615 1658 676 καὶ
1681 617 1733 687 τίς
1755 608 1798 678 ἄν
1821 613 1876 698 ὑφ’
1900 613 1992 692 ὑμῶν
2012 636 2081 695 pro·

289 739 365 778 cem.
388 721 431 795 11,
453 717 584 800 βέλτιον
606 717 683 796 ὑμῖν
706 712 749 781 ἄν
770 719 853 794 ἔχειν
874 739 930 796 pro
944 716 1076 802 βέλτιον
1098 715 1143 781 ι’ὶν
1164 717 1242 796 ὑμῖν
1263 721 1287 778 ἕ.
1310 719 1352 778 ib.
1374 717 1463 792 XXI,
1487 715 1557 778 ἀλλ’
1575 717 1692 778 ὁποίαν
1708 714 1764 778 τιν’
1782 712 1827 778 clv
1841 713 1885 778 τό
1900 713 2078 798 πραχθέντ’

288 842 345 898 pro
369 818 436 881 ἀλλ’
462 819 581 882 ὁποιάν
603 815 644 882 ἄν
667 841 742 882 τινα
765 823 809 880 τὰ
830 841 881 902 πρ.
905 820 945 880 ib.
969 821 1076 896 XXII,
1100 829 1171 893 τοῖς
1193 819 1311 892 αὐτοῖς
1333 819 1489 896 ἐπιτιμᾶν
1517 816 1636 880 ὁθεσίν
1658 839 1694 878 τε
1717 838 1773 895 pro
1795 825 1868 890 τοῖς
1889 817 1942 879 αὐ.
1966 815 2080 880 ἔθεσιν

289 925 441 1002 ἐπιτιμᾶν
463 925 504 982 ib.
527 923 647 996 XXXI,
670 917 755 1002 μετιὶ
779 923 890 982 ταῦτα
913 917 944 979 δ’
966 925 1093 996 οίχεται
1115 943 1171 1001 pro
1192 920 1279 1000 μετὰ
1295 918 1330 984 δὲ
1353 921 1445 984 ταῦτ’
1470 923 1510 982 οἴ.
1534 922 1575 982 ib.
1591 921 1747 984 XXXIII.
1791 920 1927 982 Elisioue
1941 921 2081 979 adhibita

288 1027 449 1104 legendum
473 1031 520 1083 est
542 1021 596 1083 ded
620 1021 706 1086 τοῦτ’
732 1025 868 1099 ἐπιτιμῶ
891 1043 947 1100 pro
962 1015 1143 1084 ὁιιὶτοῦτο
1165 1025 1300 1099 ἐπιτιμῶ
1323 1043 1456 1102 prooem.
1471 1022 1529 1086 VI.
1565 1020 1765 1082 Scribendum
1780 1022 1908 1080 videtur
1922 1027 2082 1104 praeterea

290 1124 379 1188 αὐτὰ
407 1124 490 1189 καθ’
515 1123 605 1186 αὑτό
627 1146 683 1204 pro
707 1122 760 1186 αιί.
781 1121 863 1186 καθ’
888 1123 993 1186 ἑαυτά
1016 1126 1057 1183 ib.
1078 1120 1164 1186 LVL
1208 1124 1340 1184 Restant
1368 1123 1466 1204 igitur
1490 1143 1552 1186 non
1580 1123 1626 1182 its
1654 1123 1744 1185 multi
1773 1123 1842 1200 loci,
1871 1124 1984 1204 quibus
2015 1127 2080 1182 tres

288 1229 337 1286 vel
362 1229 467 1306 plures
490 1228 627 1301 syllabae
649 1226 763 1288 vitiose
786 1227 959 1286 cumulatae
982 1227 1141 1304 leguntur:
1166 1229 1320 1288 ποιοῦσιν
1341 1224 1421 1286 ἔνιοι
1444 1245 1575 1306 prooem.
1591 1223 1666 1296 XII,
1689 1223 1799 1304 βραχύ
1821 1244 1876 1302 μοι
1898 1226 1939 1283 ib.
1954 1223 2077 1296 XVIII,

290 1325 467 1414 ἀμφότερα
482 1323 537 1389 διὰ
551 1319 704 1412 βραχέων
720 1328 761 1386 ib.
773 1327 862 1402 XIX,
878 1312 1190 1404 συμπολιτευόμενοι
1206 1325 1376 1402 τοσαύτην
1390 1329 1430 1388 ib.
1444 1327 1535 1400 XXI,
1556 1319 1702 1402 δόξαντα
1716 1325 1803 1404 μετά
1814 1327 1855 1386 ib.
1868 1327 1958 1400 XXI,
1974 1325 2083 1406 ἕτεροί

292 1453 376 1504 τινες
398 1432 439 1493 ib.
463 1431 582 1504 XXIV,
605 1425 695 1508 λόχοι
716 1429 787 1508 περὶ
812 1428 899 1506 υμιὸν
921 1431 962 1489 ib.
984 1430 1105 1506 XXIV,
1132 1430 1237 1511 ἕτερον
1259 1429 1299 1492 δέ
1324 1451 1409 1503 τινες
1429 1430 1471 1492 ib.
1494 1429 1613 1504 XXIV,
1643 1428 1744 1508 λόγον
1765 1429 1891 1504 ὑπέχειν
1913 1427 1954 1486 ib.
1977 1427 2080 1502 XXV,

290 1535 373 1596 ἔνιοί
390 1555 446 1612 μοι
468 1533 510 1591 ib.
526 1531 666 1606 XXXII,
688 1523 806 1593 οἴεσθε
828 1527 951 1606 πόλεως
973 1533 1014 1590 ib.
1029 1531 1096 1608 XL,
1118 1531 1215 1594 πλέον
1236 1527 1384 1613 ὀφείλειν
1407 1531 1447 1590 ib.
1464 1531 1532 1604 XL,
1555 1530 1651 1592 ἕνεκα
1660 1529 1801 1614 χάριτος
1818 1531 1923 1604 ὲνιόυς
1937 1530 1980 1588 ib.
1996 1529 2082 1602 XLI,

290 1629 345 1698 οἶά
368 1655 474 1719 quoin
496 1635 528 1694 οἱ
549 1633 626 1696 τότε
650 1635 692 1694 ib.
713 1634 830 1706 XLIX,
856 1636 995 1712 ἡμετέρα
1014 1639 1148 1712 χέχονεν
1168 1631 1330 1710 ἐπιμέλεια
1353 1634 1395 1696 ib.
1413 1633 1498 1706 LIV,
1523 1626 1541 1694 ό
1565 1653 1653 1696 τισιν
1674 1638 1758 1706 ἴσως
1781 1634 1821 1692 ib.
1837 1633 1922 1694 LVI.
1961 1631 2081 1706 Quibus

290 1739 438 1818 expositis
465 1738 587 1796 videtur
614 1756 762 1816 apparere
793 1737 868 1796 satis
899 1756 1040 1814 magnum
1068 1757 1133 1794 esse
1160 1737 1192 1794 in
1218 1736 1382 1814 prooemiis
1410 1735 1546 1796 studium
1573 1740 1604 1793 et
1631 1733 1752 1793 hiatum
1779 1733 1899 1794 vitandi
1926 1737 1956 1792 et
1984 1735 2080 1810 legem

291 1839 494 1916 rh5thmicam
517 1839 710 1898 observandi.

443 1943 519 2000 Tum
540 1943 711 2020 prooemia,
738 1961 810 2000 num
838 1939 943 1998 eodem
970 1939 1060 2000 modo
1089 1958 1151 2016 quo
1174 1939 1327 1998 orationes
1359 1937 1503 2019 publicae
1531 1937 1691 2016 dispertiri
1719 1945 1846 2020 possent
1869 1939 1901 1996 in
1923 1938 2083 2016 aequalem

290 2051 322 2103 et
343 2049 558 2122 congruentem
580 2043 716 2102 colorum
738 2061 904 2114 numerum,
928 2047 966 2102 ut
988 2060 1136 2118 quaerere
1158 2060 1285 2100 conarer
1306 2045 1475 2100 commotus
1499 2059 1566 2099 sum
1587 2039 1702 2099 Blassii
1724 2041 1851 2099 maxime
1872 2039 1985 2114 verbis,
2010 2041 2082 2118 qui:

291 2145 400 2222 ,wie‘s
416 2144 520 2220 inquit
528 2147 562 2222 ¹),
575 2143 647 2217 „bei
662 2143 759 2201 ciuem
776 2142 899 2201 solchen
916 2145 970 2218 (sc.
980 2125 1166 2217 Bauveike)
1182 2141 1232 2198 ein
1243 2141 1329 2215 jedes
1342 2137 1434 2202 Glied
1450 2141 1482 2200 iu
1497 2141 1564 2204 sich
1575 2139 1757 2216 Symmetrie
1773 2142 1828 2200 hat
1843 2144 1906 2201 und
1918 2143 2081 2202 wiederum

292 2269 329 2306 zu
359 2247 461 2305 seiner
487 2245 637 2304 aichsten
660 2243 843 2322 Umgebuug
871 2245 933 2302 und
962 2244 1019 2300 mit
1045 2241 1145 2300 dieser
1172 2262 1211 2299 zu
1235 2242 1303 2299 dem
1325 2238 1452 2300 Ganzen
1474 2241 1506 2299 in
1528 2240 1626 2300 einem
1648 2242 1844 2304 bestimmten
1865 2243 2083 2304 Verhiiltuisse

291 2347 382 2418 steht,
417 2365 451 2402 so
481 2345 560 2404 auch
591 2345 641 2402 ein
671 2343 758 2420 jedes
789 2341 887 2401 Stiick
915 2345 970 2402 der
998 2342 1098 2415 Reda,
1133 2343 1187 2401 oft
1215 2341 1355 2418 jedoch
1382 2344 1452 2402 mit
1479 2343 1778 2422 abgesondertcr
1804 2343 1987 2422 Stellung
2019 2345 2082 2404 des

291 2447 574 2510 Prooemiums.“
611 2444 722 2504 Libere
745 2451 847 2506 antem
868 2444 1015 2529 profiteor
1037 2465 1099 2506 rem
1122 2446 1161 2504 ad
1183 2444 1336 2524 liquidum
1355 2447 1522 2526 perducere
1543 2447 1618 2505 mihi
1641 2467 1702 2506 uon
1721 2449 1896 2526 contigisse,
1920 2451 1985 2508 sive
2000 2451 2082 2526 quod

292 2553 391 2610 minus
419 2549 545 2608 valuere
571 2549 653 2607 vires
675 2548 714 2606 ed
738 2545 948 2624 quaestionem
970 2547 1045 2606 satis
1068 2545 1221 2605 difficilem
1244 2546 1477 2622 dissolvendam,
1506 2547 1572 2608 sive
1595 2549 1680 2624 quod
1701 2550 1752 2608 vel
1774 2548 1926 2628 Blassii2)
1950 2552 1987 2610 de
2009 2551 2083 2610 colis

292 2659 453 2732 praecepta
468 2649 518 2710 vel
533 2671 577 2723 ea,
602 2669 682 2726 quae
696 2650 814 2708 tradita
828 2648 998 2726 accepimns
1021 2648 1059 2706 ab
1081 2646 1238 2706 veteribus
1247 2651 1281 2724 ³),
1305 2665 1365 2706 nou
1382 2647 1540 2707 sufficiunt
1556 2648 1596 2709 ad
1611 2649 1851 2726 diiudicandum,
1873 2672 1944 2710 num
1960 2651 2082 2732 singula

292 2755 445 2834 prooemia
466 2752 564 2812 dividi
588 2752 710 2830 possint
732 2753 764 2812 in
786 2751 863 2826 cola,
890 2749 956 2808 sive
978 2750 1060 2828 quod
1082 2747 1306 2808 Demosthenes
1328 2749 1360 2806 in
1383 2750 1548 2826 prooemiis
1570 2751 1785 2829 componendis
1808 2753 1915 2830 legem,
1938 2773 2028 2829 quam
2051 2757 2080 2812 in

293 2855 487 2916 orationibus
509 2854 729 2914 observandam
751 2853 812 2914 sibi
834 2853 967 2931 putavit,
990 2851 1151 2930 neglegere
1172 2871 1233 2909 non
1253 2850 1424 2910 dubitavit.

448 2955 591 3030 Denique
607 2956 644 3012 de
659 2953 823 3014 infinitivis
837 2953 971 3012 articulo
987 2953 1149 3012 instructis
1165 2954 1263 3032 deque
1278 2953 1454 3035 participiis
1468 2953 1620 3013 absolutis
1631 2975 1728 3033 pauca
1736 2958 1897 3035 proferam.
1929 2957 2080 3017 infinitivi

296 3061 431 3120 articulo
464 3057 564 3117 ornati
592 3056 648 3134 qui
679 3057 723 3114 sit
747 3077 822 3116 usus
849 3056 932 3134 apud
953 3054 1191 3116 Demosthenem
1213 3053 1283 3113 stix
1294 3059 1319 3132 ⁴)
1343 3055 1440 3114 docet.
1483 3057 1569 3114 Idem
1598 3077 1672 3117 usus
1695 3060 1783 3117 nobis
1806 3059 1939 3118 occurrit
1959 3060 1992 3116 in
2013 3080 2081 3138 pro

296 3163 460 3222 semiorum
494 3159 684 3221 collectione.
727 3157 864 3218 Primum
888 3165 988 3216 sutem
1020 3157 1073 3216 inf.
1101 3161 1160 3215 art.
1190 3157 1363 3218 instructus
1391 3164 1438 3215 est
1466 3156 1650 3228 subiectum:
1678 3180 1809 3240 prooem.
1833 3159 1950 3238 (VIII),
1972 3159 2005 3218 X
2025 3167 2081 3235 ter,

294 3264 343 3322 XI
363 3263 421 3338 bis,
444 3260 533 3335 XVI,
555 3259 667 3320 XXIV
691 3261 748 3332 bis,
769 3259 871 3333 XXV,
895 3259 1015 3332 XXVI,
1039 3259 1207 3336 (XXVH),
1229 3259 1343 3320 XXXI
1367 3259 1424 3334 bis,
1442 3259 1600 3334 XXXIII,
1616 3259 1761 3321 XXXIV
1783 3263 1839 3336 bis,
1855 3261 1953 3338 XLV,
1969 3263 2085 3342 XLVI,

295 3364 377 3424 LVI.
392 3363 513 3422 Deinde
534 3363 648 3440 pendet
673 3366 699 3424 1.
722 3382 759 3420 ex
782 3361 886 3422 verbis
908 3359 971 3420 his:
995 3357 1181 3420 αἰτιᾶσθαι
1203 3380 1335 3442 prooem.
1351 3360 1472 3436 XXXI,
1496 3358 1629 3442 ἀμελεῖν
1653 3363 1694 3422 ib.
1707 3363 1757 3421 IX
1773 3369 1804 3421 et
1818 3361 1919 3441 XLV,
1944 3363 2084 3444 (ἀπέχειν

295 3468 334 3525 ib.
358 3465 510 3542 XXVII),
537 3461 727 3542 θαυμάζειν
748 3464 788 3523 ib.
811 3461 913 3536 XLII,
935 3461 1059 3540 κρίνειν
1083 3457 1308 3542 (εὐεργέτημα)
1332 3461 1375 3526 ib,
1391 3461 1476 3534 XLI,
1497 3460 1635 3526 κωλύειν
1657 3463 1697 3521 ib.
1711 3463 1854 3538 XXXII,
1876 3475 2023 3544 μετεῖναι
2044 3467 2082 3525 ib.

295 3566 414 3638 XXIV,
438 3567 520 3647 ὁρᾶν
544 3565 585 3625 ib.
600 3565 716 3638 XLIV,
740 3567 892 3645 παριέναι
913 3563 954 3622 ib.
967 3564 992 3632 Ι,
1015 3570 1150 3639 σημεῖον
1166 3560 1342 3624 ποιεῖσθαι
1357 3563 1399 3626 ib.
1415 3563 1502 3640 XLI,
1525 3561 1673 3640 σπουδήν
1688 3563 1865 3626 ποιεῖσθαι
1882 3570 1924 3627 ib.
1940 3565 2081 3632 XXXIII

215 3687 219 3696 ’
294 3671 353 3746 bis,
375 3664 532 3750 χρῆσθαι
560 3668 601 3726 ib.
623 3667 674 3728 IX
695 3672 727 3725 et
750 3665 837 3736 XXI,
866 3667 902 3726 cf.
925 3662 1021 3743 ἐγγὺς
1042 3659 1125 3726 εἶναι
1146 3666 1187 3725 ib.
1209 3665 1257 3724 VI
1280 3673 1312 3724 et
1334 3667 1420 3725 XIII
1443 3673 1474 3726 et
1496 3665 1606 3749 πόρρω
1629 3660 1713 3728 εἶναι
1736 3668 1779 3726 ib.
1801 3670 1876 3746 LII,
1906 3674 1933 3734 2.
1955 3691 1989 3728 ex
2009 3669 2080 3727 snb·

295 3771 447 3833 stantivis
470 3771 534 3831 his:
558 3769 652 3830 αίτιά
673 3787 805 3848 prooem.
819 3767 890 3842 LII,
914 3764 1000 3848 α’ρχή
1023 3767 1065 3826 ib.
1088 3766 1127 3842 V,
1150 3767 1273 3838 XVIII,
1295 3767 1381 3840 XLI,
1405 3767 1504 3846 XLV,
1527 3766 1611 3847 δόξα
1634 3771 1674 3830 ib.
1700 3769 1803 3848 (VII),
1827 3771 1884 3846 IX,
1907 3767 2019 3848 καιρός
2040 3769 2082 3830 ib.

295 3873 408 3934 XVIII
429 3872 490 3944 bis,
521 3871 627 3946 XXX,
651 3871 719 3942 XL,
742 3869 847 3930 XLIV
868 3869 932 3944 bis,
958 3871 1056 3948 με’ρος
1078 3867 1121 3930 ib.
1144 3867 1239 3930 XXV
1261 3869 1324 3944 bis,
1354 3868 1525 3954 πρόφασις
1549 3873 1591 3931 ib.
1613 3873 1655 3947 II,
1685 3869 1802 3952 τρόπος
1825 3873 1865 3932 ib.
1889 3871 2005 3932 XVIII
2026 3871 2084 3941 bis,

296 3975 432 4050 XXXV,
449 3972 569 4056 χρόνος
592 3973 633 4031 ib.
656 3971 815 4050 XXXVI;
849 3975 876 4032 3.
906 3992 942 4032 ex
974 3971 1137 4032 adiectivis
1169 3971 1233 4031 his:
1268 3975 1376 4045 αἴτιος
1409 3994 1543 4056 prooem.
1573 3974 1628 4048 VI,
1659 3972 1771 4053 κύριος
1798 3975 1837 4034 ib.
1859 3972 1970 4047 XXV;
2000 3978 2028 4032 4.
2051 3993 2087 4030 ex

296 4077 585 4158 praepositionibus
608 4080 640 4134 et
662 4075 817 4135 adverbiis
839 4075 901 4136 his:
925 4065 1006 4135 ἄνευ
1027 4093 1159 4152 prooem.
1182 4071 1301 4149 XLIII,
1325 4073 1405 4136 ἀντί
1426 4077 1466 4136 ib.
1483 4075 1623 4150 XXXII,
1645 4077 1691 4148 εἰς
1712 4078 1753 4134 ib.
1776 4075 1893 4150 XLIII,
1917 4078 1954 4136 ἐκ
1975 4077 2017 4134 ib.
2031 4075 2087 4146 IV,

298 4181 356 4251 bis,
380 4180 414 4239 ἐν
436 4179 477 4242 ib.
499 4175 580 4238 XIV
601 4177 659 4252 bis,
683 4175 804 4250 XXIV,
833 4175 929 4237 ἕνεκα
952 4175 993 4233 ib.
1015 4173 1170 4250 XXVIII,
1197 4175 1254 4235 ἐπί
1274 4196 1298 4234 c.
1321 4198 1389 4256 gen.
1410 4179 1454 4240 ib.
1476 4179 1501 4252 I,
1526 4199 1550 4237 c.
1572 4179 1634 4237 dat
1659 4179 1699 4237 ib.
1722 4177 1855 4239 XXXII
1875 4179 1938 4254 bis,
1962 4171 2022 4254 ἔξω
2045 4173 2087 4232 ib.

297 4281 399 4354 XLII,
425 4286 519 4361 μεχρι
540 4280 583 4342 ib.
605 4278 739 4353 XXXV,
763 4276 855 4360 παρά
878 4298 902 4336 ο.
924 4295 985 4336 acc.
1006 4275 1049 4333 ib.
1071 4274 1223 4352 XXXVI,
1258 4279 1334 4360 περί
1353 4280 1395 4340 ib.
1418 4279 1501 4352 LVI,
1534 4280 1594 4358 πρό
1619 4282 1660 4338 ib.
1684 4281 1788 4355 XXX,
1817 4283 1908 4341 XLV
1929 4281 1985 4350 bis,
2009 4275 2086 4356 πρός

298 4384 339 4443 ib.
362 4383 483 4459 XLIII,
505 4378 594 4456 LVI,
624 4378 703 4460 ὑπέρ
730 4381 771 4441 ib.
794 4378 886 4452 XL13
915 4387 943 4439 5.
969 4399 1005 4437 ex
1032 4381 1240 4460 comparativo
1270 4401 1400 4462 prooem.
1428 4380 1543 4442 XLIV.
1589 4381 1666 4440 Turn
1697 4382 1821 4442 dativus
1847 4379 1993 4442 infinitivi
2021 4397 2086 4434 cum

298 4485 429 4546 articulo
451 4485 567 4560 legitur
589 4483 675 4544 XIII
697 4484 753 4558 bis,
778 4482 882 4554 XVII,
907 4479 1087 4540 XXXVIII
1108 4481 1167 4558 bis,
1191 4483 1311 4558 XLIII,
1335 4483 1451 4542 XLVI.

451 4583 513 4644 Nec
534 4605 594 4644 usu
618 4585 853 4664 participiorum
876 4584 1089 4644 absolutorum
1112 4584 1320 4662 discrepantia
1342 4585 1381 4644 ab
1404 4587 1576 4645 elocutione
1595 4585 1834 4646 Demosthenica
1856 4583 1954 4642 statui
1977 4588 2088 4659 potest.

300 4686 476 4747 Invenimus
505 4687 583 4744 enim
618 4687 649 4744 in
682 4685 846 4764 prooemiis
876 4685 965 4744 baec:
999 4683 1073 4747 δέον
1106 4687 1151 4758 X,
1185 4685 1325 4760 XLVII,
1349 4683 1423 4764 ἐξόν
1452 4688 1592 4764 XXXV,
1625 4689 1812 4758 XXXVIII,
1839 4681 1944 4762 παρόν
1972 4684 2089 4746 XXIV.

304 4785 400 4864 τυχόν
422 4787 605 4864 XXVIII-⁵)

308 4894 348 4900 --
455 4927 479 4986 1)
498 4925 530 4973 sl.
552 4929 602 4974 att.
620 4925 668 4982 111,
689 4929 712 4982 1,
731 4941 756 4987 p.
777 4929 832 4973 114.
1037 4925 1063 4986 2)
1081 4925 1099 4974 I
1118 4926 1135 4974 t
1153 4939 1232 4988 pagg.
1253 4929 1300 4974 105
1319 4940 1392 4988 seqq.

458 5011 485 5070 3)
504 5009 544 5058 Cl.
561 5008 746 5059 Bodmoorffii
762 5023 859 5059 mmm.
879 5010 935 5058 Das
952 5009 1139 5072 rhythmicam
1157 5009 1255 5060 Geeetz
1273 5010 1322 5060 des
1340 5013 1426 5072 Deua,
1444 5026 1533 5076 progr.
1551 5013 1704 5075 Regimout.
1722 5021 1746 5054 a.
1767 5007 1842 5062 1880,
1861 5019 1905 5069 pp.
1925 5009 1955 5052 lt
1974 5019 2031 5066 sqq.

457 5095 484 5155 4)
504 5096 571 5144 Zum
589 5094 731 5144 Gebrauch
749 5093 796 5143 des
814 5094 864 5143 lui.
882 5109 916 5144 nn
937 5093 1022 5142 Artik.
1040 5097 1083 5144 bei
1100 5097 1187 5155 Dem,
1207 5111 1296 5160 progr.
1315 5111 1408 5160 gprnn.
1425 5098 1610 5147 Rottwileusis
1628 5109 1651 5144 a
1673 5095 1745 5142 1881.

458 5182 484 5240 5)
505 5179 543 5228 Cf.
562 5179 684 5230 Schnlzii
702 5178 764 5227 diss.
783 5179 800 5226 l.
819 5194 844 5242 p.
864 5183 903 5238 59,
922 5178 1038 5228 Windel.
1056 5179 1074 5228 l.
1093 5180 1110 5230 l.
1129 5197 1153 5243 p.
1176 5184 1213 5241 13,
1233 5181 1353 5238 Quaestt.
1372 5197 1453 5242 mese,
1472 5182 1493 5242 1,
1511 5197 1536 5245 p
1555 5185 1595 5230 88.
