4614 5752
1050 333 1199 427 ji„

383 557 513 618 prooem.
536 536 687 600 XLVIII:
711 536 766 600 ἵνα
786 535 831 616 μὴ
853 535 979 610 πάντας
1001 537 1086 610 λέγω
1110 538 1148 600 cl.
1172 555 1306 614 prooem.
1329 536 1423 596 LIII:
1448 534 1470 600 ἴ.
1492 556 1524 614 μ.
1549 556 1580 598 π.
1603 540 1691 598 εἴπω.
1733 595 1740 607 ,

385 642 453 700 Alii
476 642 698 702 contenderunt
717 640 942 720 prooemiorum
959 641 1167 700 collectionem
1190 640 1345 700 maximam
1367 645 1486 717 portem
1500 639 1659 699 conflatam
1675 658 1740 699 esse
1756 659 1772 697 e
1786 639 2015 720 Demosthenis,

232 743 426 803 cretionibus
448 764 466 804 ο
488 745 611 803 rhetore
634 745 764 821 quodam
787 742 944 820 sequentis
967 741 1086 802 notetis.
1115 741 1203 815 Quod
1227 740 1252 799 si
1277 759 1383 800 verum
1406 745 1495 817 esset,
1517 761 1706 820 summopere
1728 742 1900 802 mirandum
1923 747 2014 817 esset,

233 849 315 926 quod
346 846 511 908 fabricator
543 847 597 906 ille
629 847 851 926 prooemiorum
885 847 966 906 locos
995 846 1102 921 (supro
1131 843 1299 922 exscriptos
1311 846 1347 922 ¹))
1382 865 1398 903 e
1426 843 1642 904 Demosthenis
1674 845 1863 904 orationibus
1898 843 2008 908 I—IV

231 950 424 1024 XIV—XV,
446 950 493 1011 LI
513 949 707 1029 potissimum
729 948 898 1027 desumpsit
920 947 1040 1024 sibique
1055 947 1240 1024 neglegenda
1256 946 1446 1006 existimavit
1462 967 1530 1007 cum
1545 947 1624 1008 elias
1641 948 1801 1020 orationes,
1826 953 1891 1008 tum
1909 950 2010 1028 splen-

231 1053 422 1114 didissimum
443 1052 525 1112 illud
548 1057 773 1111 monumentum
794 1051 941 1128 antiquae
963 1049 1039 1109 artis
1063 1050 1223 1130 oratorIse,
1246 1050 1283 1108 de
1313 1069 1424 1111 corone
1451 1050 1628 1110 orationem.
1674 1051 1743 1124 Quo
1769 1070 1804 1110 ex
1831 1057 1865 1109 re'
1899 1052 2012 1111 certius

230 1156 351 1232 aliquid
373 1157 533 1214 decernere
554 1155 643 1214 nobie
666 1153 803 1214 videmur
824 1172 913 1231 posse
935 1171 1002 1211 cum
1024 1147 1180 1226 Blessiol)
1215 1151 1251 1209 de
1280 1156 1425 1230 tempore,
1451 1173 1512 1230 qno
1550 1153 1705 1232 prooemio
1733 1154 1907 1233 conscripto
1935 1155 2010 1214 sint.

230 1258 352 1318 Etenim
375 1258 401 1317 si
424 1259 561 1318 confecto
587 1263 687 1318 essent
714 1256 957 1317 eDemosthene
984 1261 1054 1332 post
1080 1273 1192 1313 annum
1215 1275 1240 1312 a.
1267 1252 1338 1314 Chr.
1363 1275 1392 1314 n.
1417 1258 1491 1327 349,
1525 1261 1606 1315 certe
1638 1256 1758 1315 easdem
1791 1256 2013 1318 similitudines

232 1361 357 1420 haberet
379 1359 601 1438 prooemiorum
626 1360 807 1420 dictionum
830 1356 1001 1418 elocutione
1024 1357 1195 1416 orationum
1219 1361 1291 1434 post
1312 1355 1403 1416 illum
1425 1378 1538 1418 annum
1561 1359 1805 1437 compositorum,
1822 1377 1901 1434 qnae
1922 1359 2015 1418 inter-

232 1462 342 1522 cedunt
357 1463 437 1521 inter
452 1463 607 1541 prooemia
623 1467 653 1522 et
674 1463 827 1522 orationes
849 1459 963 1531 I-IV,
979 1458 1173 1532 XIV--XV,
1196 1459 1250 1518 LI.
1283 1459 1361 1519 Cum
1376 1458 1432 1526 hec
1449 1461 1603 1521 sententie
1619 1461 1734 1538 optime
1750 1459 1914 1538 concinnit,
1931 1460 2015 1538 quod

234 1583 290 1640 res,
322 1583 401 1641 quee
423 1566 631 1644 respiciuntur
653 1566 684 1624 in
707 1565 863 1625 nonnullis
886 1561 1063 1642 prooemiis,
1093 1561 1205 1639 optime
1229 1561 1335 1620 referri
1362 1568 1494 1642 possunt
1525 1564 1555 1622 in
1579 1564 1726 1643 temporis
1749 1565 1899 1643 spatium,
1933 1566 2013 1642 quod

232 1667 319 1725 modo
342 1667 548 1743 definivimus,
571 1669 701 1748 primum
723 1667 841 1727 bellum
862 1673 968 1727 contre
989 1665 1168 1742 Philippum
1193 1670 1313 1740 gestum
1336 1665 1403 1724 dico
1427 1669 1573 1743 (prooem.
1596 1668 1613 1726 I
1640 1687 1738 1744 usque
1760 1669 1798 1728 sd
1824 1667 1919 1729 verbe
1940 1663 2013 1728 τού-

233 1789 308 1842 τους
329 1768 440 1833 δοκεῖν
459 1769 571 1849 λέγειν,
594 1771 682 1848 XIV,
704 1770 871 1848 XV„XX,
894 1769 988 1842 XXI,
1013 1767 1118 1841 XXX,
1143 1766 1330 1842 XXXVIII,
1351 1767 1506 1843 XXXIX,
1534 1769 1609 1846 XL,
1630 1769 1787 1846 XLVIII,
1810 1769 1881 1849 LV)
1911 1776 1942 1831 et
1963 1791 2012 1832 res

232 1872 269 1932 ed
293 1873 390 1932 socios
412 1873 593 1950 insulasque
615 1874 804 1952 pertinentes
828 1876 974 1951 (prooem.
989 1873 1030 1944 II,
1054 1869 1141 1943 XVI,
1171 1868 1277 1942 XXII,
1301 1869 1540 1960 XXIII'usque
1562 1873 1600 1931 ed
1623 1873 1717 1934 verbo
1739 1873 1917 1958 ουμφέρὲιυ
1937 1870 2037 1951 ὑμῖν·

188 2003 203 2020 a
229 1970 382 2053 ἡγοῦμαι,
404 1967 526 2050 XXIV,
550 1975 721 2050 XXXVII,
743 1976 810 2048 XL,
833 1974 936 2054 XLII,
959 1973 1073 2044 XLVI,
1098 1973 1195 2049 LIV).
1242 1971 1324 2046 Quin
1355 1972 1446 2031 etism
1479 1993 1514 2032 ex
1535 1993 1665 2052 prooem.
1689 1975 1784 2050 XIII.
1815 1977 1906 2036 initio
1928 1976 2013 2034 lucu·

230 2077 331 2136 lenter
353 2097 499 2156 apparere
521 2079 646 2139 videtur
666 2078 917 2152 Demosthenem,
950 2097 1016 2136 cum
1039 2080 1232 2155 componeret
1256 2074 1421 2153 prooemio,
1444 2075 1544 2136 minus
1566 2082 1665 2138 eetote
1686 2085 1864 2157 provectum
1886 2079 2013 2140 necdum

230 2179 262 2237 in
285 2199 318 2238 re
340 2178 464 2258 publico
486 2186 639 2241 versatum
662 2201 741 2242 esse:
763 2173 861 2254 Ἴσως
888 2179 1075 2264 ἑπίφθουου
1091 2172 1133 2242 oi'r
1149 2199 1245 2253 τιοιυ,
1262 2168 1411 2254 cithu,
1427 2174 1549 2256 δόξειεν
1563 2174 1656 2260 εἶναι,
1672 2185 1765 2256 εἴτις
1781 2176 1827 2245 niv
1848 2179 2013 2256 ἰδιώτης

229 2278 300 2342 καὶ
323 2285 400 2344 τοῖο
427 2280 593 2346 πολλῶν
620 2280 727 2362 ὑμῶν
749 2277 818 2364 εἷς,
851 2285 999 2367 ἑτέρου
1029 2279 1458 2366 συμβεβουλευκότων,
1492 2273 1529 2342 οῗ
1558 2284 1626 2346 καὶ
1659 2289 1712 2366 τῷ
1743 2285 1870 2348 πάλαι
1901 2285 2012 2349 πολι-

229 2383 428 2446 τεύεσθαι
450 2384 520 2448 καὶ
542 2390 593 2466 τῷ
616 2384 703 2468 παρ’
728 2381 815 2465 ὑμῖν
837 2383 966 2464 δόξαν
989 2386 1092 2464 ἔχειν
1113 2392 1346 2469 προέχουσι,
1368 2379 1547 2470 παρελθών
1568 2390 1651 2450 εἴποι
1667 2423 1717 2451 -.

381 2485 440 2546 Sed
469 2487 529 2547 iem
557 2489 615 2548 inm
643 2489 711 2548 finis
740 2488 895 2548 faciendus
924 2489 1167 2549 disserendi.
1191 2487 1318 2549 Confido
1347 2507 1393 2546 me
1415 2488 1671 2551 demonstravisse
1693 2491 1792 2551 nihil
1814 2491 2012 2571 impedire,

229 2589 427 2665 quominus
458 2577 650 2666 prooemio
685 2589 901 2649 contionum
923 2589 1178 2652 Demostheni
1204 2589 1463 2651 addiceremus
1486 2590 1851 2672 cumqueBlusslol)
1874 2595 2013 2672 optimo

230 2684 311 2748 iure
335 2691 445 2768 plone
468 2691 561 2750 idem
585 2691 776 2750 iudicium
798 2692 891 2751 ferri
914 2711 1027 2770 posse
1050 2711 1291 2752 censeremus
1313 2694 2011 2773 detoteprooemiorum'collectione,

231 2792 324 2866 quod
352 2792 444 2852 iecit
473 2791 704 2873 Spengelius
727 2795 771 2890 de
799 2794 961 2854 secundo
989 2794 1134 2856 dicens:
1168 2796 1394 2870 „secundum
1428 2797 1522 2856 enim
1556 2801 1785 2876 prooemium
1817 2801 2012 2862 melotide

234 2911 304 2950 esse
324 2895 454 2954 fictum
477 2915 579 2954 nemo
602 2895 692 2954 mihi
716 2896 964 2973 persuadebit
986 2915 1050 2956 nec
1072 2903 1201 2975 potest
1222 2897 1378 2956 doeeri.“

382 3101 406 3162 1)
425 3113 504 3164 pagg.
524 3104 598 3150 3-5.
827 3102 853 3163 2)
871 3102 888 3150 l.
907 3101 925 3151 I.
943 3117 969 3166 p.
990 3103 1047 3150 284.
1255 3100 1281 3169 3)
1299 3102 1317 3152 l.
1335 3102 1355 3150 l.
1374 3115 1452 3168 pagg.
1472 3109 1521 3154 285
1539 3111 1593 3156 not.
1612 3111 1637 3156 5.
