4614 5752
809 663 906 827 III.
947 735 1007 828 De
1040 736 1357 859 compositione.

354 977 462 1056 Atque
495 977 626 1055 primum
650 976 774 1052 quidem
807 977 844 1034 de
876 976 965 1035 hiatu
999 978 1158 1039 dicendum
1191 985 1248 1045 est.
1298 981 1461 1042 Vocalium
1490 1003 1654 1043 concursus
1685 985 1906 1044 excusationem
1930 1005 1989 1044 non

202 1081 315 1140 habere
343 1079 564 1158 Benselerus1)
595 1077 716 1138 censuit
743 1078 812 1136 hos:
840 1073 947 1154 ἐπειδὴ
975 1075 1024 1161 ἐφ’
1055 1101 1186 1158 prooem.
1209 1083 1266 1156 IV,
1295 1085 1364 1166 δρῶ
1387 1079 1488 1156 ὄντας
1511 1085 1552 1144 ib.
1574 1085 1633 1156 VI,
1664 1082 1856 1162 πραχθῆναι
1880 1083 2014 1164 ἀπέχει,

202 1184 243 1242 ib.
271 1181 403 1242 XXVII
425 1185 537 1260 (=pro
559 1179 657 1242 Rhod.
687 1180 742 1240 lib.
777 1183 819 1258 1),
850 1177 960 1257 μέλλω
995 1181 1260 1257 ἀπεχθήσεσθαι
1288 1186 1330 1248 ib.
1358 1187 1514 1260 XXVIII,
1545 1185 1800 1268 συμβουλεύοντι
1834 1191 1915 1260 ἴσως
1948 1189 1991 1252 ib.

202 1285 325 1361 XXXI,
350 1281 536 1348 σπουδάσαι
559 1287 637 1366 ὑπέρ
659 1285 700 1344 ib.
716 1283 804 1360 XLI,
826 1292 978 1367 παρεῖναι
993 1282 1098 1357 εὐθύς
1112 1286 1153 1352 ib.
1168 1285 1288 1366 XLIX,
1311 1285 1505 1366 ἀγωνιεῖται
1528 1286 1637 1362 ἔλεγεν
1660 1289 1701 1352 ib.
1722 1290 1758 1360 L,
1780 1285 1992 1352 καθιστάναι

202 1387 265 1452 οὐκ
287 1389 327 1448 ib.
350 1387 403 1460 LI,
433 1390 573 1466 ἡγοῦμαι
601 1382 685 1448 εἶναι
711 1387 753 1447 ib.
782 1385 869 1448 LVI.
912 1385 975 1446 Uni
1010 1387 1077 1447 loco
1109 1388 1329 1468 Benselerus²)
1357 1389 1426 1468 ipse
1453 1391 1601 1468 medetur,
1629 1410 1695 1450 cum
1717 1397 1776 1452 τοῦ
1797 1390 1993 1474 πραχθῆναι

205 1490 314 1568 ἀπέχει
334 1495 435 1550 mutet
451 1491 483 1549 in
505 1486 615 1564 ἀπέχει
638 1491 697 1550 τοῦ
719 1485 912 1570 πραχθῆναι
928 1510 1060 1568 prooem.
1076 1491 1208 1552 XXVII
1224 1495 1276 1568 (=
1294 1513 1350 1570 pro
1364 1492 1463 1553 Rhod.
1479 1493 1534 1556 lib.
1553 1496 1593 1570 1).
1630 1491 1742 1554 Tribus
1754 1495 1828 1554 locis
1844 1497 1993 1556 vocalium

206 1592 363 1654 concursio
391 1613 489 1670 pause
514 1599 690 1652 excusatur:
719 1589 756 1655 τὸ
785 1587 852 1669 γὰρ
878 1589 1104 1674 καταρᾶσθαι
1132 1591 1389 1672 συμβουλεύοντι
1400 1597 1439 1672 ³),
1461 1599 1472 1672 fl
1492 1596 1573 1666 ἴσως
1602 1595 1665 1656 ἐστ’
1698 1588 1826 1658 άτοπον
1859 1619 1992 1676 prooem.

205 1695 329 1767 XXXI,
356 1685 395 1769 ἦν
417 1689 577 1769 δὴτοιῖτο
607 1689 787 1772 γνώριμον.
820 1682 880 1764 ὅτι,
908 1685 996 1764 ὅπως
1028 1692 1139 1766 καλῶς
1166 1693 1366 1770 ἀγωνιεῖται,
1389 1701 1400 1772 Ι
1420 1695 1529 1774 ἔλεγεν
1551 1697 1591 1755 ib.
1615 1695 1650 1769 L,
1678 1692 1718 1758 ου’
1741 1695 1806 1775 μήν
1829 1695 1913 1760 ἀλλά
1934 1721 1992 1778 μοι

204 1793 356 1858 δοκοῦσιν
378 1791 474 1857 αὐτοὶ
496 1795 644 1880 φανερὸν
666 1792 888 1866 καθιστάναι,
912 1797 922 1868 11
944 1791 1006 1855 οὐκ
1025 1792 1075 1856 ἐπὶ
1098 1798 1146 1874 τῷ
1169 1798 1210 1875 τῇ
1232 1795 1323 1857 πόλει
1347 1803 1549 1880 συμφέροντι
1565 1793 1749 1878 πράξαντες
1764 1801 1805 1860 ib.
1820 1800 1874 1860 LI.
1911 1801 1992 1861 Non·

202 1900 302 1958 nullis
325 1899 401 1958 locis
416 1899 579 1958 verborum
602 1897 804 1956 collocutione
825 1897 973 1956 mutanda
994 1898 1108 1955 mederi
1131 1898 1271 1973 equidem
1295 1900 1451 1974 suaserim,
1473 1900 1519 1958 ita
1540 1903 1576 1958 ut
1591 1900 1753 1976 legendum
1768 1901 1913 1961 videatur
1927 1923 1993 1962 esse

199 1994 288 2074 ὑμᾶς
316 2001 383 2080 ὁρῶ
406 2002 463 2061 νῦν
485 1994 585 2071 ὄντας
608 2001 771 2078 ἐγγυτέρω
794 2018 850 2076 pro
873 1999 957 2076 ὑμεῖς
978 1999 1037 2058 νῦν
1058 1993 1129 2076 ὁρῶ
1153 1991 1253 2070 ὄντας
1274 2001 1298 2060 ἑ.
1319 2019 1452 2078 prooem.
1474 1999 1530 2073 VI,
1553 2002 1582 2060 el
1597 2001 1661 2061 καί
1672 2020 1759 2063 τισιν
1781 1995 1992 2080 ἀπεχθήσεσ-

200 2101 270 2164 θαι
291 2101 398 2180 μέλλω
421 2123 476 2180 pro
500 2105 528 2163 εἰ
550 2103 613 2162 καί
633 2121 699 2162 τισι
722 2099 830 2178 μέλλω
853 2093 1116 2176 ἀπεχθήσεσθαι
1137 2100 1178 2160 ib.
1200 2097 1356 2176 XXVIII,
1379 2097 1433 2178 μὴ,
1463 2097 1564 2173 εὐθὺς
1586 2109 1739 2184 παρεῖναι
1763 2101 1840 2176 τούς
1862 2126 1918 2184 pro
1939 2105 1992 2184 μὴ,

199 2213 355 2286 παρεῖναι
386 2199 492 2276 εὐθὺς
515 2202 593 2275 τούς
616 2203 657 2262 ib.
679 2203 796 2264 XLIX.
839 2201 951 2262 Plures
974 2203 1078 2262 hiatus
1101 2201 1300 2262 Bemselerum
1323 2205 1487 2279 fugerunt:
1515 2206 1565 2277 εἴη
1592 2197 1636 2265 ἀν
1664 2225 1796 2283 prooem.
1819 2205 1875 2282 VI,
1898 2205 1993 2268 ἕνεκα

202 2310 316 2378 αἰτίας
345 2307 385 2366 ib.
407 2305 530 2378 XXXI,
556 2326 616 2382 quo
640 2307 707 2364 loco
730 2325 785 2364 our
806 2298 883 2365 ἕνεκ’
910 2305 1023 2374 αἰτίας
1045 2324 1105 2362 nou
1128 2303 1287 2380 scripserit
1309 2303 1493 2377 Voemelius,
1516 2308 1696 2384 praesertim
1719 2328 1787 2367 cum
1810 2329 1942 2386 prooem.
1965 2309 1993 2367 L

202 2413 234 2468 in
257 2415 345 2468 textu
368 2409 509 2488 posuerit
533 2405 607 2469 ἕνεκ’
636 2404 783 2476 ἐλπίδων,
800 2426 865 2469 νοτ
889 2407 987 2479 video,
1012 2424 1111 2480 neque
1131 2405 1233 2463 minus
1256 2406 1362 2480 miror,
1387 2407 1469 2482 quod
1493 2406 1573 2465 idem
1601 2407 1701 2466 editor
1723 2403 1779 2468 δια
1805 2411 1903 2470 τοῦτο
1926 2412 1992 2472 ἐπι-

204 2515 289 2591 τιμῶ
314 2512 439 2589 scripsit
462 2532 518 2589 pro
541 2507 595 2572 διὰ
619 2507 703 2572 τοῦτ’
731 2511 866 2588 ἐπιτιμῶ
889 2528 1020 2588 prooem.
1044 2505 1099 2581 VI,
1121 2503 1164 2584 μὴ
1188 2504 1314 2570 ἐθέλειν
1342 2529 1397 2585 pro
1426 2504 1470 2584 μὴ
1501 2505 1626 2570 ’θέλειν
1652 2529 1785 2587 prooem.
1809 2511 1924 2584 XLIV,
1958 2521 1993 2572 ut

205 2615 329 2693 scripsit
354 2598 485 2692 prooem.
512 2611 639 2672 XLVII
675 2603 720 2689 μὴ
739 2609 902 2673 ’θέλουσα
946 2610 1050 2670 Etiam
1080 2629 1212 2687 prooem.
1245 2609 1320 2668 LIV
1351 2608 1528 2688 (ἐπιμέλεια
1559 2608 1635 2688 ὑμῖν
1669 2615 1701 2671 et
1732 2610 1884 2704 τυθέντα
1918 2612 1992 2696 ἱερά

208 2713 360 2801 ἀσφαλῆ)
385 2714 544 2775 elisionem
567 2713 769 2774 udhibendarn
793 2733 858 2773 esse
882 2713 1025 2772 arbitror.

361 2817 474 2877 Altero
496 2817 563 2876 loco
586 2811 770 2892 quaerimus,
798 2835 871 2875 num
893 2815 1048 2893 prooemia
1071 2813 1240 2892 compositu
1261 2815 1325 2873 sint
1351 2835 1387 2874 ex
1413 2815 1480 2892 lege
1507 2815 1690 2890 rhythmica,
1718 2837 1754 2874 ex
1777 2837 1839 2894 qua
1866 2817 1993 2879 Demos·

216 2923 313 2982 thanes
344 2925 431 2979 caute
454 2919 536 2996 fugit
561 2923 624 2978 tres
646 2919 696 2978 nel
719 2917 825 2998 plures
847 2917 957 2977 breves
982 2916 1118 2991 syllabas
1134 2916 1276 2996 deinceps
1291 2917 1418 2996 positas.
1464 2917 1555 2993 Quod
1570 2918 1706 2976 studium
1722 2919 1831 2979 breves
1855 2919 1993 2995 syllabas

212 3023 294 3084 nimIs
317 3003 489 3083 cumulatas
512 3017 633 3080 vitandi
656 3019 806 3097 principis
830 3017 963 3079 oratoris
988 3019 1118 3078 maxime
1149 3019 1309 3098 proprium
1332 3025 1386 3079 est.
1429 3017 1603 3080 Plurimum
1624 3019 1723 3098 igitur
1746 3024 1898 3098 quaestio,
1920 3043 1994 3083 num

204 3125 236 3185 in
264 3123 428 3204 prooemiis
458 3119 582 3198 quoque
609 3115 769 3195 caveatur,
800 3139 838 3180 ne
860 3121 932 3200 plns
956 3139 1046 3196 quam
1075 3121 1152 3180 duae
1171 3121 1318 3196 ‘syllabae
1346 3128 1505 3200 correptae
1532 3121 1674 3202 deinceps
1698 3129 1879 3199 sequantur,
1907 3127 1994 3185 velet

200 3232 241 3290 ad
265 3225 503 3298 diiudicandum,
527 3229 631 3282 utrum
652 3221 874 3282 Demosthenes
897 3223 1123 3302 prooemiorum
1152 3222 1341 3284 collectionis
1368 3229 1478 3285 auctor
1508 3225 1550 3283 sit
1571 3244 1672 3283 necne.
1695 3224 1829 3285 -Illis
1859 3225 1934 3288 solis
1956 3228 1994 3288 de

199 3331 281 3391 locis
312 3329 477 3399 disseram,
501 3325 613 3402 quibus
641 3331 703 3382 tres
735 3323 784 3382 vel
810 3325 916 3404 plures
939 3323 1076 3397 syllabae
1098 3325 1241 3402 deinceps
1269 3325 1390 3404 positae
1417 3345 1454 3384 ex
1481 3327 1654 3404 praeceptis
1676 3325 1827 3404 Blassiil)
1856 3331 1993 3390 excusari

200 3435 374 3509 nequeunt.
419 3429 558 3488 Primum
579 3425 678 3502 igitur
700 3427 841 3486 omilium
864 3446 931 3502 eos,
960 3426 1075 3502 quibus
1105 3426 1175 3504 plus
1206 3448 1297 3504 quam
1329 3429 1406 3491 duae
1429 3429 1568 3503 syllabae
1592 3433 1750 3506 correptae
1773 3434 1844 3488 ante
1865 3451 1992 3508 pausam

198 3539 368 3612 leguntur,
390 3553 458 3591 nam
472 3552 570 3610 penes
584 3527 688 3589 brevis
706 3529 827 3604 syllaba
850 3548 961 3605 anceps
984 3524 1030 3605 fit,
1053 3531 1139 3588 velut
1161 3525 1199 3590 od
1222 3525 1290 3611 γάρ
1312 3517 1412 3604 ἦττον
1434 3525 1587 3608 ὑμέτερον
1608 3533 1618 3605 ΙΙ
1642 3529 1737 3592 ἔσται
1754 3565 1796 3575 —-
1818 3527 1856 3594 τὸ
1872 3553 1994 3614 κατορ-

203 3633 332 3702 θωθὲυ
354 3627 374 3710 ἢ
397 3639 457 3692 τοῦ
478 3632 558 3712 πρὸς
580 3630 664 3710 ὑμεῖς
686 3629 834 3702 εἰπόντος
846 3650 978 3708 prooem.
994 3629 1118 3702 XVIII,
1142 3635 1301 3713 πρότερον
1322 3635 1332 3708 ll
1354 3625 1374 3706 ἥ
1389 3631 1430 3690 ib.
1444 3631 1533 3706 XXI,
1557 3630 1642 3708 cett.;
1665 3633 1774 3691 deinde
1796 3654 1855 3708 eos,
1879 3635 1992 3712 quibus
2055 3705 2059 3714 ¹

201 3743 314 3798 breves
325 3734 528 3811 syllabaenon
537 3739 621 3793 extra
628 3733 721 3792 unius
731 3729 876 3790 vocabuli
887 3730 1021 3808 epatium
1032 3731 1237 3808 reperiuntur,
1247 3739 1284 3791 ut
1292 3735 1480 3814 περιμένητε
1488 3734 1710 3811 prooem.VIII,
1723 3732 1993 3814 ὁμολογουμένων

206 3840 248 3897 ib.
267 3837 359 3914 VIII,
384 3832 578 3916 προτιθέναι
601 3835 641 3894 ib.
665 3833 705 3907 X,
731 3824 943 3912 ἐπιστάμεθα
960 3833 1002 3892 ib.
1025 3831 1099 3909 XX,
1122 3836 1208 3906 cett.;
1232 3840 1299 3894 tum
1321 3855 1382 3909 eos,
1406 3836 1521 3911 quibus
1543 3837 1734 3915 praepositio
1758 3839 1922 3898 coniuncta
1946 3847 1993 3898 est

210 3959 275 3996 cum
300 3939 428 4011 nomine,
457 3943 493 3996 ut
523 3933 578 4000 διά
605 3933 829 4015 βραχυτάτων
858 3955 987 4013 prooem.
1008 3933 1063 4006 IV,
1087 3933 1143 4011 VI,
1165 3933 1267 4008 XVII,
1296 3928 1354 4009 ἀφ’
1379 3939 1545 4017 ἑκατέρων
1569 3939 1610 3998 ib.
1632 3937 1725 4011 VIII,
1749 3943 1839 4010 celt.;
1863 3940 1994 4019 denique

208 4032 268 4110 eod,
292 4041 402 4115 quibus
426 4025 555 4101 elisione
578 4040 694 4100 uocalis
717 4039 832 4097 eiectus
856 4043 911 4111 est,
935 4043 972 4094 ut
987 4034 1118 4098 κάκεῖνο
1141 4033 1170 4098 δ’
1190 4032 1411 4116 ὑπολαμβάνω
1427 4057 1557 4116 prooem.
1580 4037 1670 4113 XVI,
1694 4045 1764 4098 cett
1800 4039 1846 4098 Ex
1861 4042 1992 4118 reliquis

209 4139 295 4212 locis,
326 4141 436 4215 quibus
467 4142 500 4199 im
532 4139 604 4198 edit.
636 4139 771 4198 Voemel.
806 4140 870 4196 tres
898 4140 947 4196 vel
983 4138 1089 4215 plures
1124 4140 1259 4214 syllabas
1290 4141 1399 4199 breves
1434 4139 1577 4218 deinceps
1614 4140 1731 4217 positus
1762 4142 1906 4218 legimns,
1939 4143 1993 4203 ulii

208 4237 360 4301 emendari
388 4247 514 4320 possunt
536 4265 555 4304 ν
577 4241 807 4324 ἑφελκυστικῷ
830 4239 968 4299 addendo
992 4241 1041 4298 vel
1064 4241 1202 4302 delendo.
1245 4241 1345 4316 Leges
1360 4241 1460 4317 igitur
1473 4239 1665 4323 πράγμασιν
1687 4241 1915 4306 consociandus
1938 4267 1993 4324 pro

206 4341 387 4427 πράγμασι
411 4361 441 4405 σ.
480 4349 619 4424 prooem?
639 4343 709 4418 XV,
748 4337 986 4419 ἑξηπατιμιόσιν
1015 4347 1177 4425 προσῆκεν
1205 4362 1261 4420 pro
1290 4337 1509 4418 ἐξηπατηκόσι
1540 4364 1592 4425 πρ.
1622 4345 1664 4403 ib.
1693 4344 1763 4419 XV,
1793 4345 1876 4424 μήτε
1907 4345 1994 4407 τισὶν

203 4443 425 4526 χαρίσασθαι
447 4467 501 4524 pro
516 4445 598 4524 μήτε
621 4445 689 4508 τισὶ
707 4467 738 4520 χ.
760 4446 802 4504 ib.
824 4444 916 4518 XIX,
940 4442 1107 4523 ἐπειδήπερ
1129 4450 1262 4524 γέγονεν
1279 4442 1379 4520 λόγον
1394 4465 1449 4521 pro
1464 4445 1487 4504 ἑ.
1502 4447 1616 4521 γέγονε
1633 4445 1661 4506 λ.
1684 4445 1725 4504 ib.
1748 4445 1864 4520 XLIX,
1887 4447 1990 4525 γέγον’

209 4551 302 4610 αῖτιά
323 4570 381 4628 pro
399 4553 540 4640 γέγονεν
564 4551 607 4608 αῖ.
630 4551 670 4608 ib.
686 4548 739 4622 LI,
764 4545 820 4609 καὶ
836 4543 905 4608 νυνὶ
920 4551 1055 4625 γέγονεν
1070 4547 1161 4630 παρά
1177 4568 1232 4626 pro
1248 4567 1277 4608 ιι.
1291 4543 1361 4606 νυνὶ
1375 4549 1489 4622 γέγονε
1501 4545 1591 4626 παρά
1616 4546 1655 4605 ib.
1670 4546 1759 4620 LIII,
1784 4545 1840 4608 καὶ
1862 4551 1993 4626 γέγονεν

362 4773 385 4832 1)
404 4771 423 4822 i.
441 4771 459 4820 l.
478 4769 511 4818 de
529 4769 612 4830 hiatu,
630 4769 783 4834 Fnibergae,
804 4773 876 4830 1841,
895 4785 921 4832 p.
942 4773 1084 4817 los-155.

360 4859 385 4919 κ)
403 4859 421 4906 l.
438 4857 456 4907 l.
474 4871 500 4919 p.
519 4858 561 4904 86.

362 4941 388 5002 3)
406 4943 522 4992 Textum
539 4940 568 4990 in
586 4942 638 4990 hac
655 4957 750 4992 comm.
767 4944 845 5006 pente
863 4943 919 5006 (pp.
938 4941 1049 5001 25-27)
1068 4937 1196 5002 adscripsi
1213 4953 1247 4991 ex
1265 4937 1326 4986 edit.
1339 4935 1515 4988 Voemeliana
1531 4937 1620 4998 (nem.
1638 4951 1699 5000 opp.
1717 4951 1771 4986 rec.
1788 4949 1883 4998 graece
1902 4941 1929 4984 et
1945 4936 1992 4985 lat.

208 5041 270 5078 cum
290 5025 421 5076 indicibus
439 5026 479 5077 ed.
497 5028 519 5078 I.
537 5027 588 5078 Th.
606 5026 767 5086 Voemelins,
791 5026 890 5085 Paria,
915 5027 955 5076 ed.
974 5025 1042 5084 Dio,
1068 5025 1153 5085 1849),
1176 5037 1240 5072 nam
1262 5021 1416 5075 Dindorlius
1440 5035 1545 5072 summa
1566 5021 1746 5072 inconstantia
1769 5020 1881 5069 adhibet
1905 5020 1992 5068 cresin

206 5116 235 5159 et
252 5110 397 5159 elisionem

361 5195 388 5256 4)
408 5195 475 5258 eloq.
493 5201 543 5247 att.
561 5198 611 5257 ΙΠ,
632 5203 653 5256 1,
672 5209 751 5260 pagg.
772 5200 819 5246 lon
838 5211 910 5258 seqq.

1772 5277 1788 5320 4
