4614 5752
1222 249 1240 308 2

335 454 415 514 enim
438 473 504 512 esse
527 452 559 511 in
575 451 747 529 prooemiis,
773 452 877 527 „quod
893 471 953 510 non
969 452 1017 510 sel
1033 452 1071 510 sb
1088 451 1294 512 Demosthene
1310 453 1376 533 ipso
1393 453 1487 512 scribi
1502 456 1639 533 potuerit
1654 457 1704 516 vel
1720 456 1758 516 ab
1774 457 1845 517 eliis
1862 457 1998 519 eiusdem
2013 464 2125 522 aetatis

334 554 537 616 oratoribus‘t
582 551 687 611 Solum
710 551 858 611 iudicium
880 551 1017 630 protulit
1041 549 1306 630 Sehoemsnnus.¹)

488 656 560 735 Isps
582 675 654 712 vero
677 654 709 711 in
733 654 788 712 hoo
811 652 990 732 opinionum
1012 653 1149 713 divortio
1173 655 1250 730 quid
1273 655 1466 715 sentiendum
1489 677 1554 716 esse
1577 659 1745 719 existimem
1768 661 1805 720 de
1828 664 2052 740 prooemiorum
2064 668 2124 724 col-

337 757 478 818 lectionis
501 757 560 816 fide
581 763 675 832 etque
689 755 883 830 auctoritaie,
907 775 974 814 oum
990 774 1167 832 exposuero,
1193 760 1271 832 quot
1286 762 1317 816 et
1332 764 1465 833 quantes
1481 759 1593 819 habest
1610 759 1833 822 similitudines
1849 782 1917 822 cum
1933 765 2123 827 orationibus

335 858 553 920 Demosthenis
570 878 632 917 non
647 855 849 936 addubitans,
874 857 998 932 alisque
1013 861 1165 916 momente
1180 857 1347 934 diligenter
1361 859 1581 935 ponderavero,
1606 861 1776 938 intelleges.
1815 863 1904 936 Quod
1920 865 2067 926 iudicium
2082 875 2121 941 te,

336 962 480 1038 quisquis
504 961 629 1038 legeris,
652 959 678 1018 si
701 978 832 1034 aequum
855 960 987 1017 animum
1008 958 1252 1036 benevolumque
1275 959 1438 1034 attuleris,
1462 961 1664 1038 probaturum
1688 983 1753 1024 esse
1777 985 1876 1044 spero.

487 1704 638 1764 Duximus
661 1707 762 1764 sutem
786 1703 995 1763 disserendum
1017 1724 1082 1763 esse

333 1910 365 2005 I.
403 1909 466 2002 De
495 1903 739 2027 prooemiis,
776 1933 887 2028 quse
919 1903 1185 2001 conveniunt
1216 1933 1309 2000 oum
1339 1904 1572 2027 prooemiis
1605 1906 1850 2003 orationum
1879 1907 2123 2007 Demosthe-

500 2061 704 2176 nioarun,
737 2065 788 2158 de
819 2056 1013 2184 siugulis
1044 2061 1163 2176 loeis,
1195 2063 1441 2177 sententiis,
1473 2063 1776 2178 locutionibus,
1808 2065 1961 2162 verbis

923 2223 1257 2344 verborumque
1273 2221 1527 2318 structuris.

487 2465 639 2526 Summam
662 2464 904 2525 convenientium
927 2463 1019 2523 hebet

583 2637 715 2694 prooem.
851 2617 868 2676 I
891 2617 976 2693 (inde
999 2618 1037 2676 ab
1060 2619 1148 2677 initio
1165 2637 1262 2694 usque
1278 2617 1316 2678 ed
1331 2619 1424 2677 verbs
1439 2616 1525 2696 μετοὶ
1541 2618 1678 2691 τούτους
1693 2619 1800 2682 δοκεῖν
1815 2619 1929 2700 λέγειν)
1946 2641 2015 2679 eum
2031 2639 2072 2680 or.
2088 2621 2122 2680 in

989 2719 1070 2778 Phil.
1092 2719 1149 2797 I§
1177 2725 1201 2794 1,

582 2841 714 2901 prooem.
818 2821 870 2879 III
893 2841 960 2880 oum
982 2842 1023 2880 or.
1049 2821 1098 2880 01.
1121 2821 1178 2898 I§
1206 2826 1230 2894 l,

449 2942 453 2952 ·
529 2969 531 2974 .
581 2942 713 3001 prooem.
800 2923 865 2982 VII
887 2944 953 2981 oum
977 2944 1020 2981 or.
1044 2925 1080 2982 de
1101 2925 1189 2983 class.
1214 2921 1251 3004 ἓξ
1278 2925 1366 2996 1-2,

518 3056 526 3071 ·
580 3026 712 3103 prooem.
780 3026 863 3084 VIII
886 3046 953 3083 oum
976 3046 1019 3087 or.
1043 3046 1097 3104 pro
1120 3025 1230 3102 Megsl.
1253 3025 1291 3103 ἕξ
1318 3029 1406 3096 1-3,

579 3149 710 3206 prooem.
734 3127 865 3187 XXVII
887 3148 954 3187 oum
978 3149 1021 3187 or.
1044 3149 1099 3206 pro
1122 3127 1223 3188 Rhod.
1247 3129 1300 3186 lib.
1324 3125 1361 3207 ἐξ
1389 3130 1487 3186 1-2.

490 3316 611 3388 Quibus
635 3316 766 3375 exordiis
791 3335 870 3392 quse
893 3315 936 3374 sit
951 3315 1112 3374 verborum
1135 3314 1309 3374 immutatio
1333 3319 1369 3374 ut
1392 3334 1452 3372 uno
1476 3314 1564 3390 quasi
1588 3314 1701 3373 obtutu
1721 3314 1846 3374 videant
1861 3315 2004 3389 lectores,
2027 3313 2115 3372 verbs

337 3419 404 3497 ipss
426 3419 508 3477 inter
532 3439 563 3477 se
585 3439 739 3498 opponere
760 3420 904 3496 lioest²):

378 3593 509 3649 prooem.
525 3573 554 3630 I:
570 3607 610 3616 —
626 3565 748 3652 ἤρεσκέ
761 3575 796 3632 τί
806 3591 860 3648 μοι
877 3573 945 3630 τῶν
961 3565 1133 3652 ῥηθέντων
1151 3605 1198 3630 -.
1222 3571 1225 3638 ἱ
1293 3569 1325 3626 in
1342 3567 1425 3630 Phil.
1439 3569 1464 3643 I,
1480 3573 1510 3629 1:
1531 3603 1564 3612 -
1585 3562 1702 3648 ἤρεσκέ
1714 3571 1750 3628 τί
1762 3591 1816 3646 μοι
1834 3571 1900 3630 τῶν
1915 3565 1978 3630 ὑπὸ
1994 3567 2112 3628 τούτων

335 3671 443 3748 ἐπειδὴ
473 3671 501 3735 δ’
530 3669 609 3754 ὑπὲρ
643 3664 690 3734 ὧν
721 3671 877 3746 πολλάκις
905 3671 1073 3754 εἰρήκασιν
1106 3663 1198 3733 οὗτοι
1223 3666 1225 3693 ²
1251 3669 1428 3752 ῥηθέντων
1444 3689 1494 3713 -·
1510 3667 1620 3746 ἐπειδὴ
1638 3671 1671 3732 δὲ
1695 3668 1766 3752 περὶ
1790 3659 1836 3732 ὧν
1858 3669 2015 3744 πολλάκις
2036 3666 2113 3750 εἰρῆ-

335 3778 507 3857 πρότερον,
535 3775 607 3856 περὶ
632 3775 757 3837 τούτων
781 3775 848 3836 νυνὶ
872 3781 1032 3850 σκοπεῖτε,
1056 3772 1199 3852 ἠγοῦμαι
1250 3794 1350 3834 κιισιν
1365 3765 1456 3832 οὗτοι
1469 3771 1630 3855 πρότερον
1643 3773 1816 3854 συμβαίνει
1829 3773 1886 3834 καὶ
1898 3772 1968 3835 νυνὶ
1980 3777 2118 3843 σκοπεῖν,

334 3881 391 3941 κοιὶ
414 3881 542 3958 πρῶτος
564 3873 719 3951 ἀντιστάς
741 3875 877 3950 είκότως
899 3871 941 3938 τίν
962 3873 1047 3954 μετοὶ
1060 3875 1199 3946 τούτους
1249 3877 1393 3954 ἡγοῦμαι
1407 3875 1465 3936 καὶ
1477 3877 1603 3958 πρῶτος
1615 3873 1765 3951 ἀντιστάς
1775 3875 1912 3947 εἰκότως
1922 3871 1963 3936 cb
1974 3872 2120 3954 συγγνώ-

335 3981 443 4044 δοκεῖν
465 3981 581 4060 λέγειν.
1249 4000 1310 4058 μης
1333 3979 1515 4057 τυγχάνειν.

378 4105 509 4161 prooem.
533 4084 599 4143 III:
620 4078 711 4143 Ἀντὶ
734 4081 862 4145 πολλῶν
885 4077 935 4156 ἄν,
960 4073 986 4142 ὦ
1009 4079 1101 4160 ἕλἈ,
1119 4101 1197 4164 χρη·
1293 4083 1390 4156 01.Ι,
1418 4087 1447 4143 l:
1469 4078 1558 4144 Ἀντὶ
1582 4081 1707 4144 πολλῶν
1730 4077 1783 4152 ἂν,
1808 4070 1835 4140 ὦ
1859 4074 1891 4142 ιλ.
1925 4073 1977 4162 Ἀ,
1995 4080 2122 4164 χρημά-

334 4184 464 4264 μιίτων,
495 4187 524 4244 εί
552 4181 695 4269 φανερὸν
721 4189 851 4262 γίνοιτο
879 4187 917 4244 τὸ
944 4183 1062 4262 μέλλον
1089 4186 1197 4246 σννοί-
1250 4205 1318 4245 των
1340 4181 1424 4262 ὑμᾶς
1447 4182 1588 4247 ἑλέσθαι
1612 4183 1742 4262 νομίζω,
1771 4187 1799 4244 εἰ
1822 4183 1968 4267 φανερὸν
1989 4191 2122 4264 γένοιτο

336 4308 405 4349 σειν
432 4287 508 4367 ὑμῖν
535 4288 606 4370 περὶ
629 4278 674 4350 ὧν
697 4286 767 4349 νυνὶ
790 4285 967 4364 τυγχάνετε
991 4290 1197 4363 σκοποῦντες,
1250 4287 1288 4347 τὸ
1311 4286 1429 4363 μέλλον
1453 4289 1620 4350 συνοίσειν
1643 4293 1684 4368 τῇ
1706 4285 1794 4349 πόλει
1815 4287 1885 4368 περὶ
1901 4277 1947 4350 ὧν
1961 4287 2029 4352 νυνὶ
2046 4311 2123 4352 σκο-

337 4386 427 4468 οῖμοιι
449 4391 576 4463 πάντας
598 4387 683 4468 ὑμᾶς
704 4388 857 4452 ἑλέσθαι.
904 4381 958 4450 ὅτε
979 4391 1086 4449 τοίνυν
1100 4385 1195 4448 τοῦθ’
1224 4376 1225 4419 i
1250 4397 1349 4452 πεῑτε·
1397 4383 1453 4450 ὅτε
1477 4391 1589 4451 τοίνυν
1612 4387 1707 4452 τοῦθ’
1735 4383 1840 4463 οὕτως
1863 4393 1935 4468 tiles,
1965 4393 2121 4472 προσήκει

335 4483 440 4564 οὕτως
452 4493 523 4570 ἔχει,
539 4492 698 4572 προσήκει
711 4489 1053 4574 ποιμέχεινέθέλοντιις
1064 4489 1199 4553 ἀκούειν
1224 4478 1225 4493 ’
1250 4489 1434 4572 προθύμως
1471 4489 1621 4556 ἐθέλειν.
1642 4489 1774 4554 ἀκούειν
1810 4500 1877 4556 τῶν
1911 4494 2122 4574 βουλομένων

334 4591 420 4670 ύμῖις
443 4589 566 4664 αὐτούς
588 4597 655 4656 τῶν
676 4593 884 4676 βουλομένων
907 4592 1149 4673 συμβουλεύειν.
1251 4592 1495 4672 συμβουλεύειν.

490 4869 515 4929 1)
533 4867 550 4917 'n
564 4869 581 4916 1.
594 4867 635 4916 De
649 4867 762 4917 comitiis
775 4866 991 4928 Atheniensium,
1003 4864 1225 4930 Grypbiewsldse
1240 4869 1312 4928 1819,
1326 4883 1350 4931 p.
1363 4872 1419 4918 ³05.
1434 4897 1467 4905 -
1480 4871 1543 4922 Alis
1554 4871 1683 4921 nonnulle
1694 4871 1801 4930 iudicis,
1813 4885 1882 4934 quse
1894 4871 1981 4922 tulere
1995 4877 2022 4922 et
2033 4870 2119 4921 nostri

341 4957 369 5002 et
391 4952 511 5016 priorum
534 4951 702 5003 saeculorum
726 4967 769 5002 vv.
794 4951 845 5012 dd,
869 4951 1053 5015 producuntur
1071 4951 1141 5015 apud
1167 4951 1198 5001 G.
1216 4953 1250 5002 H.
1270 4953 1450 5018 Soranorum,
1478 4957 1547 5022 App.
1566 4957 1625 5006 orit.
1643 4957 1675 5016 V,
1702 4971 1727 5018 p.
1747 4959 1804 5014 661,
1831 4963 1859 5005 et
1876 4957 2119 5016 Westermsnnum,

336 5037 432 5088 Gesoh.
450 5039 474 5087 d.
493 5043 541 5087 stt.
559 5035 740 5098 Bersdssnsk,
758 5051 783 5100 p.
802 5041 858 5086 306.

490 5125 516 5184 2)
535 5123 635 5172 Textus
653 5122 780 5182 looorum,
800 5135 865 5183 quos
883 5135 1037 5184 proponam,
1055 5119 1212 5184 desumptus
1230 5129 1270 5171 ost
1289 5139 1303 5172 e
1323 5125 1454 5176 Dindorfii
1473 5125 1534 5176 edit.
1553 5124 1728 5188 Lipsiensis.
1749 5128 1822 5174 1881.
