4614 5752
1178 233 1199 292 4

1115 317 1268 326 o———...-

291 440 337 498 ib:
372 437 475 516 ἔγωγε
509 432 572 496 ούκ
606 431 716 512 ἀγνοοῖ
750 427 805 496 ὅτι
836 429 990 508 πολλάκις
1023 431 1064 495 οῦ
1098 440 1169 504 τοῖς
1188 431 1191 509 ξ
1212 433 1317 498 πολλά
1346 439 1450 510 ἐνίους
1484 432 1547 502 οὐκ
1577 443 1623 512 εἰς
1658 439 1734 514 τούς
1765 444 1908 518 αἰτιόυς,
1936 439 2009 510 ἀλλ’
2039 451 2085 522 εἰς

289 541 419 612 αἰτίοις,
454 533 535 600 ἀλλά
567 545 639 610 τοῖς
671 535 822 614 ἐμποδών
848 526 924 598 οὖσι
947 542 1017 609 τοῖς
1039 531 1166 618 ὀργιζο-
1187 522 1190 541 ’
1211 533 1289 609 τούς
1318 533 1380 601 ὑπὸ
1404 547 1504 620 χεῖρα
1529 541 1677 618 μάλιστα
1704 541 1763 620 τὴν
1790 539 1892 624 ὀργῆν
1914 539 2084 628 ἀφιέντας.

287 646 398 720 μένοις
419 637 518 717 ἀηδές
540 658 572 698 τι
594 633 720 700 παθεῖν
742 636 872 720 συνέβη.
909 631 999 716 ὅμως
1020 635 1048 698 δ’
1074 673 1122 700 -.
1185 700 1188 725 Ι

333 779 465 841 prooem.
480 758 576 818 XXI:
600 757 635 820 ίιί
653 749 712 820 οὖν
724 755 778 835 μή,
801 755 841 819 τὸ
855 759 983 839 ῥᾷστον
997 753 1163 834 ἀπάντων,
1183 764 1187 839 ἰ
1251 759 1299 822 01.
1321 761 1347 836 Ι,
1379 767 1430 822 16:
1459 755 1507 820 Τύ
1534 766 1593 840 μέν
1614 751 1673 824 οὖν
1699 765 1851 844 ἐπιτιμᾶν
1871 769 1952 840 ἰσιος
1974 764 2084 848 φήσαι

288 859 470 938 ἐπιτιμήσω
492 858 594 936 μόνον
615 898 668 923 -.
1182 862 1186 971 λ
1206 883 1257 938 τις
1272 857 1317 926 ἀν
1338 859 1458 944 ῥᾴδιον
1479 861 1537 924 καὶ
1559 861 1686 936 παντὸς
1700 861 1785 927 εἶναι
1807 903 1858 928 -.

332 983 466 1044 prooem.
489 961 586 1020 XXI:
619 963 658 1023 οῦ
681 957 749 1041 γάρ
772 963 804 1024 οἱ
824 958 908 1036 ταχύ
936 959 993 1022 καὶ
1021 958 1184 1054 τήμερονΙ
1248 967 1282 1026 in
1303 965 1387 1026 Phil.
1407 966 1440 1040 Ι,
1474 969 1527 1025 14:
1554 958 1593 1026 ού
1622 962 1690 1044 γάρ
1712 969 1744 1028 οί
1765 965 1849 1044 ταχύ
1864 967 1921 1029 καὶ
1945 967 2084 1049 τήμερον

288 1063 434 1136 εἰπόντες
462 1059 592 1142 μάλιστ’
621 1066 668 1136 εἰς
689 1061 728 1124 τὸ
752 1063 826 1126 δέον
847 1063 1011 1140 λέγουσιν·
1034 1055 1072 1122 ού
1094 1059 1161 1141 γάρ
1182 1082 1184 1103 ¹
1205 1067 1349 1140 εἰπόντες
1371 1066 1522 1146 μάλιστα
1545 1070 1591 1140 εἰς
1614 1066 1688 1129 δέον
1703 1066 1867 1146 λέγουσιν·
1907 1063 1946 1130 οὐ
1960 1067 2027 1150 γὰρ
2042 1065 2085 1130 ἄν

285 1163 330 1230 ἀν
351 1167 395 1228 τά
416 1169 445 1244 γ’
468 1161 531 1242 ἤδη
552 1169 749 1243 γεγενημένα
770 1163 919 1226 κωλῦσαι
941 1161 1184 1249 δυνηθείημεν,
1206 1169 1250 1234 τά
1271 1192 1308 1251 γε
1330 1163 1392 1248 λ’γδη
1414 1174 1613 1249 γεγενημένα
1628 1173 1669 1249 τῇ
1684 1169 1754 1232 νυνὶ
1769 1169 1919 1250 βοηθείᾳ
1934 1171 2083 1233 κωλῦσαι

287 1272 329 1352 τῇ
343 1269 411 1332 νυνὶ
426 1265 590 1348 βοηθείᾳ·
603 1265 672 1330 ἀλλ’
690 1258 727 1340 δς
739 1261 782 1329 ἀν
793 1261 884 1347 δείξῃ
895 1267 945 1343 τίς
957 1263 1163 1349 πορισθεῖσα
1182 1324 1184 1340 ,
1206 1271 1440 1350 δυνηθείημεν·
1483 1269 1554 1332 ἀλλ’
1577 1261 1614 1343 ὃς
1635 1263 1679 1332 ἀν
1700 1266 1790 1352 δείξῃ
1812 1273 1863 1344 τίς
1879 1271 2085 1356 πορισθεῖσα

286 1368 481 1456 παρασκευὴ
504 1368 672 1448 ὅέἅίέέἷίαέ
694 1365 878 1442 ὃῑαίλσὸϊαέ,
901 1368 959 1442 ἕως
979 1364 1023 1431 ἆέ
1038 1363 1057 1445 ἢ
1073 1387 1162 1450 περέ-
1181 1410 1184 1423 =
1205 1370 1400 1458 παρασκευὴ
1422 1372 1480 1434 καὶ
1501 1372 1587 1446 πόση
1610 1373 1668 1434 καὶ
1690 1368 1796 1436 πόθεν
1810 1372 1976 1452 διαμεῖναι
1990 1371 2085 1448 δυνό-

287 1470 465 1552 νέαώμὸθα
495 1473 560 1532 ²⁰3⁹
587 1469 722 1550 ἐχθρῶν
743 1467 763 1548 ἢ
785 1468 979 1544 πᾶέσθέαῒὲέ
1001 1468 1162 1534 διαί-εἰσώ-
1205 1500 1314 1550 σεται,
1345 1475 1405 1548 έως
1431 1471 1475 1538 ἀν
1505 1471 1525 1552 ί)
1546 1472 1788 1553 διαλυσώμεθα
1811 1470 2005 1548 πεισθέντες
2027 1473 2086 1536 τὸν

287 1574 384 1654 μεθα
406 1571 466 1636 τὸν
487 1572 634 1652 πόλεμον.
661 1565 748 1635 οὕτω
763 1568 830 1655 γάρ
846 1568 956 1634 οὐκέτι
972 1575 1031 1634 τοῦ
1046 1571 1162 1634 λοιποῦ
1204 1578 1347 1657 πόλεμον
1379 1573 1401 1654 ἢ
1429 1573 1681 1655 περιγενώμεθα
1706 1580 1775 1640 τῶν
1796 1575 1942 1661 ἐχθρῶν·
1994 1570 2082 1636 ούτω

286 1687 420 1758 σχοῖμεν
441 1669 484 1738 ἀν
503 1681 626 1747 κακῶς.
1181 1676 1271 1766 Ιγοὶρ
1294 1679 1406 1743 ούκέτι
1429 1683 1488 1742 τοῦ
1510 1677 1625 1742 λοιποῦ
1647 1677 1826 1759 πάσχοιμεν
1847 1673 1890 1743 ἀν
1912 1679 2034 1750 κακῶς.

328 1800 462 1862 prooem·
485 1777 600 1838 XXII:
626 1775 691 1860 χρὴ
712 1775 772 1856 μὲν
794 1766 854 1839 οὖν
876 1770 983 1850 οὕτως
1005 1769 1160 1850 ἅπαντας
1180 1766 1183 1775 ’
1247 1805 1302 1864 pro
1323 1783 1425 1844 Rhod.
1446 1781 1501 1842 lib.
1525 1785 1580 1842 21:
1609 1781 1722 1842 έπειτα
1749 1783 1807 1846 καὶ
1834 1781 1971 1854 δίκαιον,
1999 1770 2083 1840 οἶά.

285 1883 368 1960 ἔχειν
383 1880 443 1957 τὴν
457 1878 608 1943 διάνοιαν
622 1879 694 1962 περὶ
709 1881 775 1940 τῶν
789 1876 1024 1957 ἀδικουμένων,
1049 1871 1160 1962 ώσπερ
1201 1888 1259 1967 Ἀ,
1280 1885 1612 1964 δημοκρατουμένους
1627 1873 1751 1955 αὐτούς
1766 1887 1908 1946 τοιαῦτα
1924 1885 2085 1967 φρονοῦν-

283 1981 336 2064 νῖν,
363 1988 397 2048 εἴ
416 2005 447 2044 τι
476 1987 615 2062 ymno,
643 1973 661 2044 ὃ
684 1977 729 2060 μὴ
752 1979 913 2064 συμβαίη,
937 1977 1013 2053 wisc
1034 1973 1160 2054 move
1179 2000 1182 2021 ¹
1203 2011 1265 2062 τας
1286 1983 1478 2072 φαίνεσθαι
1500 1980 1572 2066 περὶ
1587 1989 1654 2046 τῶν
1668 1978 1878 2060 ἀτυχούντων
1893 1985 2013 2064 δόμων,
2036 1981 2083 2048 οἶ-

285 2085 438 2167 ἀξιώσειε
460 2083 540 2168 πρὸς
563 2081 667 2149 αύτδν
689 2081 831 2156 ἕκαστος
852 2083 943 2160 ἐχειν.
1202 2091 1286 2176 ιζπερ
1311 2083 1356 2152 ’ἀν
1384 2081 1464 2160 τούς
1493 2079 1614 2159 ἀλλους
1639 2081 1820 2163 ἀξιώσαιτε
1851 2095 1988 2172 φρονεῖν
2009 2089 2080 2170 περὶ

1178 2204 1181 2257 :
1201 2191 1301 2274 ὑμῶν,
1317 2195 1352 2254 εἴ
1360 2188 1448 2262 ποθ’,
1472 2180 1492 2252 δ
1507 2185 1552 2267 μὴ
1566 2191 1704 2268 γένοιτο,
1727 2189 1860 2252 τοιοῦτό
1877 2212 1908 2251 τι
1924 2191 2081 2272 συμβαίη.

326 2311 458 2371 prooem.
486 2288 618 2349 XXIII:
646 2289 685 2350 ού
710 2283 774 2364 μὴν
801 2281 895 2365 οἶμαι
916 2285 999 2366 δεῖν,
1030 2287 1157 2362 ταύτην
1245 2293 1343 2368 ΟΙ.Ῑ,
1371 2297 1423 2353 16:
1447 2285 1487 2352 ού
1509 2289 1573 2370 μὴν
1595 2286 1690 2370 οἶμαι
1705 2289 1771 2353 δεῖν
1787 2291 1847 2370 την
1862 2290 1951 2354 ἰδίαν
1965 2287 2082 2374 ἀσφά-

283 2393 343 2472 τὴν
365 2388 628 2476 φιλανθρωπίαν
649 2387 786 2462 διώκων,
809 2387 914 2466 λέγειν
936 2386 1008 2470 παρ’
1035 2380 1156 2469 ἆσαι·
1199 2397 1290 2460 λείαν
1321 2387 1505 2457 σκοποῦνθ’
1541 2387 1811 2458 ὑποστείλασθαι
1844 2395 1914 2472 περὶ
1939 2385 1985 2455 ών
2007 2392 2083 2470 ύμῖν

284 2501 398 2581 φέρειν
420 2493 495 2574 ύμῖν
516 2493 669 2572 η’γοῦμαι.
1201 2502 1382 2580 συμφέρειν
1406 2494 1560 2574 ἡγοῦμαι.

325 2635 458 2696 prooem
488 2612 621 2674 XXIII:
652 2607 716 2689 ἐγώ
737 2609 797 2689 μέν
818 2601 877 2673 ούν
898 2608 1076 2691 ἐβουλόμην
1104 2605 1156 2682 ἀν,
1244 2619 1276 2676 in
1304 2617 1387 2677 Phil.
1408 2617 1439 2686 I,
1469 2621 1522 2676 5¹:
1551 2613 1735 2695 ἐβουλόμην
1768 2612 1795 2676 δ
1799 2609 1857 2690 ἀν,
1891 2607 2001 2695 ώσπερ
2028 2603 2081 2671 ὅτι

285 2711 397 2798 ὥσπερ
422 2709 474 2778 ὅτι
495 2713 572 2792 ύμῖν
594 2719 754 2798 συμφέρει
777 2717 838 2774 τοῦ
858 2714 903 2776 τά
925 2712 1084 2796 βέλτιστα
1106 2713 1157 2776 λέ·
1200 2713 1275 2795 ύμῖν
1297 2721 1459 2802 συμφέρει
1482 2713 1526 2779 τά
1540 2715 1703 2798 βέλτιστα
1718 2709 1854 2778 ἀκούειν
1867 2711 1954 2791 οἶδα,
1977 2706 2082 2784 ούτως

281 2841 400 2900 γουτος
414 2817 548 2882 ἀκούειν
562 2813 649 2894 οἶδα,
669 2809 775 2888 οὕτως
790 2814 913 2878 εἰδέναι
928 2825 1084 2879 συνοῖσον
1098 2817 1155 2880 καὶ
1199 2819 1321 2883 εἰδέναι
1348 2827 1504 2881 συνοῖσον
1530 2819 1589 2880 καὶ
1618 2821 1664 2897 τῷ
1693 2817 1737 2880 τά
1762 2817 1924 2898 βελτιστα
1949 2812 2083 2877 εἰπόντι·

281 2927 329 3006 τῷ
352 2919 397 2985 τά
419 2919 581 3003 βέλτιστα
603 2916 742 2982 εἰπόντι·
779 2916 889 2998 πολλῷ
909 2913 978 2998 γάρ
999 2911 1044 2981 ἀν
1066 2913 1157 2996 ἥδιον
1199 2921 1311 3001 πολλῷ
1333 2917 1400 3003 γάρ
1423 2916 1468 2982 ἀν
1489 2913 1582 2994 ἥδιον
1604 2915 1703 2982 εἶπον.
1749 2923 1804 2981 νῦν
1827 2921 1853 2980 δ
1878 2913 1923 2978 ἐπ’
1949 2913 2085 2990 ἀδήλοις

282 3023 355 3101 εἶχε.
384 3026 443 3086 νῦν
458 3019 492 3083 δέ·
508 3018 680 3104 φοβοῦμαι
693 3018 760 3097 μέν,
777 3013 865 3096 ὅμως
881 3019 917 3082 δὲ
931 3012 954 3082 ἀ
963 3041 1001 3098 γε
1010 3021 1155 3085 πιστεύω
1199 3014 1275 3085 ούσι
1290 3031 1360 3094 τοῖς
1375 3018 1442 3084 ἀπὸ
1459 3018 1588 3084 τούτων
1600 3023 1734 3100 ἐμαυτῷ
1745 3021 1982 3098 γενησομένοις,
1992 3011 2082 3092 ὅμως

276 3121 409 3209 χρηστά
433 3120 632 3206 φανεῖσθαι,
655 3119 720 3183 κάν
736 3118 825 3199 ὑμεῖς
841 3117 887 3199 μὴ
901 3120 1074 3201 πεισθῆτε,
1097 3125 1157 3186 οῦκ
1200 3126 1250 3187 ἐπὶ
1273 3125 1320 3206 τῷ
1344 3125 1511 3186 συνοίσειν
1535 3125 1625 3202 ύμῖν,
1647 3115 1691 3183 ἀν
1713 3117 1871 3206 πράξητε,
1894 3119 2004 3180 ταῦτα
2031 3135 2083 3176 πε·

281 3228 516 3309 ἀποτρέψομαι
539 3224 648 3302 λέγειν.
1176 3225 1343 3293 ;πεῖσθαι
1366 3225 1473 3304 λέγειν
1488 3225 1654 3308 αἱροῦμαι.

325 3365 458 3424 prooem.
481 3344 605 3404 XXIV:
629 3335 724 3419 ἀξιον
745 3335 882 3403 δεῖναί
904 3361 961 3419 μοι
988 3341 1082 3404 δοκεῖ
1100 3341 1157 3405 διά
1241 3368 1298 3427 pro
1325 3344 1426 3408 Rhod.
1455 3345 1510 3406 lib.
1535 3347 1572 3406 2:
1601 3343 1673 3404 ἐστι
1700 3343 1760 3420 μὲν
1788 3331 1849 3403 οὖν
1877 3337 1912 3401 ἐν
1940 3327 1987 3400 ὦν
2014 3334 2080 3420 ἐγώ

281 3449 392 3508 ταῦτα
415 3454 484 3518 τοῖς
504 3442 601 3515 θεοῖς
616 3442 717 3526 χάριν
737 3439 823 3522 ύμάς
844 3443 935 3519 ἐχειν.
1176 3482 1178 3516 Ι
1199 3445 1318 3526 νομίζω
1324 3443 1426 3530 χάριν
1437 3447 1523 3526 ὑμᾶς
1535 3452 1605 3518 τοῖς
1614 3443 1712 3517 θεοῖς
1722 3441 1869 3526 ὀφειλειυ
1881 3447 1936 3518 (ε.-
1948 3463 2081 3523 prooem,

1176 3551 1349 3624 ,XXVHI

324 3669 456 3730 prooem.
472 3647 598 3708 XXIV:
621 3645 709 3708 καθ’
721 3643 761 3710 ἵν’
779 3639 893 3710 αύτιῦν
907 3647 1053 3710 ἕκαστον
1067 3645 1158 3726 ὑμεῖς
1244 3651 1293 3711 01.
1316 3651 1364 3722 Π,
1395 3653 1452 3712 24:
1483 3649 1541 3711 καί
1568 3643 1648 3718 τούς
1673 3647 1733 3725 μέν
1759 3642 1883 3720 ἀλλους
1906 3645 2078 3710 σεσώκατε

282 3749 455 3814 σεσώκατε
482 3785 529 3809 -.
1177 3770 1187 3847 φ
1201 3749 1360 3824 πολλάκις
1375 3749 1504 3824 πάντας
1518 3747 1575 3812 καὶ
1591 3743 1676 3811 καθ’
1696 3748 1753 3810 ἕνα
1769 3746 1879 3810 αὐτῶν
1890 3752 1923 3810 ἐν
1932 3753 2022 3833 μέρει
2035 3785 2082 3800 -—·

323 3874 456 3937 prooem
480 3853 604 3914 XXIV:
628 3854 667 3914 ού
689 3850 754 3934 μην
770 3849 840 3915 ἀλλ’
858 3856 940 3924 ἴσως
955 3849 1084 3923 τούτοις
1098 3853 1157 3931 μέν
1177 3850 1180 3906 ἱ
1243 3875 1299 3932 pro
1321 3855 1421 3914 Rhod.
1446 3855 1500 3914 lib.
1520 3857 1571 3913 16:
1594 3843 1631 3914 εὖ
1645 3851 1705 3928 μέν
1719 3847 1787 3934 γάρ
1803 3855 2005 3932 πράττοντες
2018 3845 2082 3914 οῦκ

282 3957 435 4040 εἵμαρται
449 3953 598 4036 μηδέποτ’
619 3947 654 4018 εὖ
669 3954 871 4040 πράττουσιν
881 3944 919 4016 εὖ
930 3959 1095 4036 φρονῆσαι
1109 3990 1158 4018 -.
1178 4016 1180 4037 ,
1202 3951 1265 4018 οἵδ’
1290 3961 1324 4019 εί
1341 3949 1411 4018 ποτ’
1436 3949 1478 4018 ἀν
1500 3945 1537 4016 εὖ
1559 3957 1725 4038 φρονῆσαι
1747 3946 1922 4029 ἠθέλησαν
1943 3987 1994 4016 -.

325 4081 457 4138 prooem.
473 4055 710 4134 ΧΧΧεέπειδὴ
722 4057 757 4122 δέ
769 4053 1159 4136 τάμένπαρεληλυθότα
1244 4057 1440 4132 01.111,6:
1474 4053 1529 4120 Τά
1556 4055 1615 4134 μὲν
1642 4053 1681 4130 δη
1706 4055 1782 4116 τότε
1804 4055 2003 4134 πραχθέντα
2019 4052 2082 4118 οῦκ

282 4157 342 4220 ούκ
363 4157 406 4224 ἀν
428 4161 537 4234 άλλως
558 4159 626 4236 ἐχοι
648 4181 705 4222 -:
729 4162 766 4219 cf.
788 4177 919 4237 prooem.
935 4157 1025 4218 XLI:
1049 4158 1155 4235 ἐπειδή
1200 4155 1243 4221 ἀν
1264 4155 1376 4232 άλλως
1398 4159 1463 4236 ἐχοι
1487 4193 1536 4219 -.

281 4264 316 4328 δέ
340 4272 448 4327 ταῦτα
469 4263 529 4342 μέν
551 4263 611 4324 ούκ
634 4257 677 4325 ἀν
699 4255 809 4332 άλλως
831 4259 898 4335 ἐχοι
920 4294 970 4320 -.

324 4402 455 4463 ρτοοεω.
490 4382 601 4442 XXX:
638 4383 734 4444 ἔπειτ’
769 4371 832 4442 ούκ
863 4375 1056 4458 ἀθυμητέον
1088 4388 1179 4455 τοῖςΙ
1243 4383 1276 4440 in
1296 4379 1420 4454 ΡίύλΙ,
1445 4384 1477 4440 3:
1501 4367 1863 4458 Πρώτονμένούνούκ
1877 4371 2081 4456 ἀθυμητέον,

281 4487 516 4562 γεγενημένοις·
552 4475 570 4546 ὃ
597 4481 663 4567 γάρ
691 4485 762 4546 ἐστι
785 4488 851 4545 τοῖν
872 4481 1158 4563 παρεληλυθότων
1200 4475 1281 4546 ώά.
1310 4476 1366 4554 Ἀ,
1390 4489 1460 4555 τοῖς
1481 4483 1623 4561 παροῦσι
1643 4476 1844 4560 πράγμασιν,
1867 4471 1935 4539 ούδ
1952 4483 1981 4540 εἰ
1996 4479 2082 4542 πάνυ

276 4589 458 4667 χείριστον,
487 4589 587 4647 τοῦτο
612 4585 693 4670 πρὸς
721 4585 765 4648 τά
792 4585 959 4666 μέλλοντα
985 4581 1158 4668 βάτιστον
1177 4638 1180 4653 ,
1201 4583 1341 4670 φαύλως
1357 4585 1439 4660 ἐχειν
1453 4581 1554 4644 δοκεῖ.
1591 4573 1691 4663 ὃγάρ
1706 4581 1776 4643 ἐστι
1782 4585 1953 4660 χείριστον
1968 4575 2082 4644 αὐτῶν

281 4685 426 4770 ἀπάρχει.
451 4689 486 4748 τί
499 4677 559 4748 οῦν
574 4688 659 4750 τοῦτ’
677 4691 777 4762 ἐστιν,
800 4677 876 4750 ώά.
909 4684 972 4760 ’A;
996 4679 1048 4746 ὅτι
1064 4685 1157 4750 οὐδέν
1199 4691 1236 4750 ἐκ
1265 4690 1324 4748 τοῦ
1352 4681 1627 4768 παρεληλυθότος
1649 4682 1784 4766 χρόνον,
1813 4685 1913 4745 τοῦτο
1936 4679 2014 4768 πρὸς
2037 4681 2081 4746 τά

281 4789 372 4872 ὑμῶν
401 4793 468 4852 τοῖν
502 4785 646 4851 δεόντων
673 4789 855 4853 ποιούντων
881 4795 993 4863 κακοῖς
1019 4789 1083 4868 ἔχει
1111 4781 1156 4853 τά
1176 4856 1179 4875 .
1199 4788 1357 4869 μέλλοντα
1378 4787 1552 4868 βέλτιστον
1566 4785 1710 4866 ύπάρχει.
1747 4788 1784 4845 τί
1801 4775 1860 4847 οὖν
1875 4785 1945 4846 ἐστι
1962 4792 2080 4860 τοῦτο,·

281 4894 476 4972 πράγματα·
513 4893 578 4954 ἐπεὶ
602 4897 633 4954 εί
656 4912 692 4971 γε
716 4891 818 4954 πάνθ’
843 4885 868 4954 ά
891 4899 1030 4974 προσῆκε
1053 4911 1156 4975 πρατ-
1200 4885 1252 4954 ὅτι
1275 4885 1384 4955 οὐδὲν,
1416 4879 1441 4950 ὦ
1465 4885 1498 4951 ἀ.
1542 4883 1611 4957 Ἀ,,
1640 4891 1706 4948 τών
1734 4887 1876 4949 δεόντων
1898 4889 2081 4950 ποιούντων

283 4994 410 5057 τόντων
425 4987 532 5066 ούτως
546 4988 640 5070 εἶχεν,
657 4989 723 5054 ούδ
738 4987 780 5051 ἀν
796 4991 883 5064 ἐλπὶς
899 4985 1034 5066 ἦναῦτά
1045 4999 1157 5070 γενέσ-
1200 4987 1288 5069 ὑμῶν
1309 4993 1421 5063 κακῶς
1438 4987 1481 5052 τά
1496 4991 1678 5070 πράγματα
1691 4989 1764 5065 ἐχει,
1779 4989 1852 5052 ἐπεί
1865 5007 1915 5049 τοι
1930 4993 1959 5051 εἰ
1973 4987 2076 5052 πάνθ’

285 5099 350 5161 θαι
372 5095 500 5178 βελτίω.
1200 5087 1223 5155 ἀ
1258 5097 1401 5174 προσῆκε
1429 5091 1645 5172 πραττόντων
1674 5084 1780 5163 οὕτως
1806 5084 1905 5167 εἶχεν,
1933 5085 2003 5153 οὐδ’
2037 5089 2079 5154 ἀν
