4614 5752
1128 304 1232 396 „35

460 503 551 562 ibid.:
575 504 594 576 ἡ
616 502 675 579 μέν
697 491 755 564 οὖν
777 503 859 584 ἀρχη
883 508 1007 576 παντός
1030 508 1122 568 ἐστιν
1144 499 1230 579 αὕτη
1252 525 1307 582 μοι
1330 505 1512 584 τοῦλόγου
1535 507 1586 566 cll.
1602 526 1734 585 prooem.
1748 507 1794 566 V:
1817 499 1837 580 τ’]
1858 525 1892 582 μ.
1908 497 1969 569 οὖν
1984 505 2018 570 ἀ.
2036 510 2097 568 τοῖ’

308 601 496 680 δοκιμάζειν
518 601 635 684 ὸρθιδς
656 605 756 682 μηδὲν
778 603 917 668 οἴεσθαι
939 605 1097 688 πρότερον
1120 609 1312 685 γιγνώσκειν
1333 604 1408 684 πρὶν
1429 603 1556 684 μαθεῖν
1570 599 1683 668 ἅπαντ’
1703 607 1786 679 ἐστί,
1800 607 1931 668 XVIII:
1954 606 2020 684 ἡμ.
2036 599 2096 670 οὖν

307 704 339 766 ἀ.
363 709 426 766 τοῦ
448 713 585 768 σκοπεῖν
607 705 720 787 ὀρθῶς
742 710 813 768 ἐστι
836 705 880 785 μή
902 705 1156 790 βεβουλεῦσθαι
1177 707 1253 786 πρίν
1275 701 1311 783 ἐξ
1325 696 1372 768 ὦν
1394 705 1449 767 δεῖ
1465 703 1728 788 βουλεύσασθαι
1750 705 1904 782 ἀκοῦσαι,
1926 708 1998 770 XL:
2020 705 2041 784 ἡ
2059 727 2093 785 μ.

307 797 368 868 οὖν
389 807 422 869 ἀ.
446 812 515 869 τῶν
537 799 698 870 τοιούτων
720 809 926 890 πραγμάτων
948 806 1105 870 ἀπάντων
1128 806 1199 870 ἐστί
1222 814 1287 870 τοῖν
1309 810 1522 887 στρατηγῶν,
1554 807 1644 866 XLI:
1676 803 1695 880 ἡ
1724 827 1757 884 μ.
1781 797 1840 868 οὖν
1860 803 1894 868 ἀ.
1916 814 1977 868 τοῦ
1997 806 2092 870 τοῦθ’

307 902 413 982 ούτως
434 909 516 984 ἐχειν
537 907 667 970 ἐκεῖθεν
689 905 837 992 ἤρτηται,
858 911 950 970 LVI:
973 907 991 984 ὴ
1013 909 1073 984 μέν
1094 901 1154 970 οὖν
1175 906 1235 986 ἐμὴ
1257 905 1368 986 γνώμη
1389 908 1461 988 περὶ
1484 899 1531 968 ών
1551 905 1755 986 βουλεύεσθε
1778 903 1831 984 ἥδ’
1857 910 1962 984 ἐστι’ν;

461 1047 593 1106 prooem.
615 1029 678 1090 IV:
712 1025 776 1089 ἀλλ’
809 1017 832 1088 ἀ
860 1031 1039 1108 συμφέρειν
1063 1023 1138 1102 ύμῖν
1157 1023 1293 1104 νομίζω,
1325 1031 1444 1100 ταῦτα,
1468 1023 1512 1099 ώς
1535 1021 1577 1088 ἀν
1597 1025 1759 1104 δύνωμαι,
1793 1027 1849 1090 διά
1872 1027 2095 1110 βραχυτάτων

308 1129 373 1209 ἐρώ
395 1126 476 1206 πρὸς
497 1131 581 1208 ὑμᾶς
604 1131 640 1190 ελ.
664 1150 794 1208 prooem.
818 1130 880 1191 VI:
903 1127 974 1190 ἀλλ’
997 1121 1020 1190 ἀ
1044 1165 1084 1174 -
1107 1133 1323 1212 συμφέροντα
1337 1127 1372 1189 δὲ
1387 1137 1457 1202 τοῖς
1470 1128 1714 1210 βουλευομένοις
1728 1128 1804 1208 ὑμῖν
1819 1131 1970 1210 ἡγοῦμαι,
1989 1129 2093 1192 ταῦθ

309 1227 354 1302 ώς
376 1225 420 1292 ἀν
442 1231 469 1291 δ’.
486 1209 519 1292 δ.
541 1231 574 1311 β.
597 1234 697 1292 είπων
719 1228 967 1312 καταβήσομαι.

461 1343 592 1412 prooem:
615 1333 681 1391 IX:
705 1327 770 1394 κάν
785 1330 914 1405 τούτοις
928 1331 1095 1416 ἀφθόνως
1116 1331 1295 1407 ἐντύχωσιν
1316 1334 1354 1392 cl.
1376 1352 1511 1412 prooem.
1533 1333 1694 1393 XXXIII:
1716 1333 1825 1410 λόγοις
1846 1335 1906 1412 μὲν
1929 1337 1991 1396 καὶ
2019 1333 2093 1411 μάλ1

292 1423 482 1513 ἀφθόνοις
505 1469 547 1478 -
569 1433 802 1511 ἐνετύγχανσν;

460 1556 592 1615 prooem.
624 1537 669 1594 X:
704 1537 775 1595 ἔστι
807 1535 843 1597 δέ
876 1529 1080 1618 ἁμαρτάνειν
1106 1538 1166 1615 μὲν
1192 1535 1400 1616 βουλομένων
1426 1537 1465 1597 τό
1495 1535 1757 1615 συναναγκάζειν
1790 1537 1850 1600 τόν
1878 1537 2046 1620 παριόντα
2071 1532 2094 1600 ἀ

307 1633 477 1712 βούλεσθε
501 1635 615 1712 λέγειν,
640 1635 677 1698 τό
702 1634 736 1697 δὲ
759 1671 801 1681 -
823 1639 860 1695 εί.
876 1657 1007 1714 prooem.
1023 1640 1088 1700 XI:
1112 1637 1151 1696 τό
1166 1637 1226 1716 μέν
1240 1635 1305 1716 γάρ
1321 1645 1518 1718 κατηγορεῖν
1532 1647 1601 1712 τοῖς
1616 1645 1852 1719 πεπραγμένοις
1866 1641 2098 1719 ἐγκαλούντων

308 1739 389 1804 ἐστὶ,
413 1737 450 1799 τό
474 1736 509 1800 δὲ
532 1759 579 1814 -;

462 1859 592 1920 prooem.
614 1839 703 1900 XIV:
728 1840 762 1899 ἐν
785 1839 821 1902 δέ
843 1841 890 1919 τῷ
913 1839 985 1922 περὶ
1009 1839 1135 1902 τούτων
1157 1847 1292 1901 σκοπεῖν
1321 1835 1415 1912 ύντες
1442 1843 1501 1904 καὶ
1529 1843 1768 1921 συνειλεγμένοι
1798 1845 1909 1906 πάντα
1930 1841 2097 1922 μᾶλλονῆ

308 1948 418 2004 ταῦτα
441 1947 495 2015 (ιο.
516 1937 560 2002 τά
583 1939 714 2016 δέοντα)
738 1938 904 2018 λεγόντων
927 1945 1026 2004 τινῶν
1051 1939 1191 2002 ἀκούετε
1216 1943 1254 2001 cl.
1270 1961 1401 2018 prooem.
1416 1942 1486 2002 XV:
1509 1939 1575 2003 ἀλλ’
1593 1935 1681 2004 ούτω
1698 1943 1800 2006 πολλά
1827 1943 1886 2006 καὶ
1909 1947 2018 2026 ψευδῆ
2039 1947 2097 2007 καὶ

309 2041 420 2106 πάντα
440 2043 567 2121 μᾶλλον
589 2038 609 2117 ἢ
631 2039 675 2103 τά
696 2039 856 2123 βέλτιστα
879 2050 949 2116 τοῖς
971 2045 1144 2126 πράγμασι
1167 2040 1413 2118 σννειθε’σθαι;

460 2183 592 2242 prooem.
619 2161 690 2222 XV:
720 2153 808 2238 ὅμως
830 2156 924 2238 οἶμαι
947 2161 1057 2223 πάντα
1083 2161 1197 2240 παρεὶς
1224 2155 1334 2222 τιίλλα
1361 2162 1430 2242 περὶ
1461 2163 1574 2223 αύτιδν
1597 2169 1664 2225 τοῖν
1686 2170 1861 2244 παρόντων
1883 2160 1907 2227 ά
1929 2167 2098 2247 κριίτιστα

308 2263 432 2344 νομίζω
455 2266 560 2344 λέγειν
582 2264 630 2322 cll.
652 2282 783 2341 prooem.
799 2263 909 2322 XVII:
933 2261 1031 2344 ἀφεὶς
1053 2259 1162 2322 τάλλα
1184 2261 1303 2334 πάντα,
1326 2253 1349 2322 ά
1373 2267 1526 2345 παραινῶ
1548 2263 1606 2324 καὶ
1628 2262 1668 2339 δὴ
1690 2269 1890 2345 πειράσομαι
1913 2266 1993 2346 πρὸς
2014 2267 2099 2344 ύμιῖς

310 2371 410 2430 εἰπεῖν
426 2371 457 2424 et
484 2365 562 2423 XX:
586 2365 662 2436 τούς
683 2363 741 2440 μὲν
758 2354 815 2423 οὖν
837 2356 957 2435 ἀλλους
980 2361 1098 2442 λόγους
1120 2361 1248 2434 πάντας
1269 2368 1458 2445 περιέργους
1480 2363 1630 2444 ἡγοῦμαι,
1647 2357 1670 2427 ἀ
1685 2364 1715 2425 δ’
1731 2363 1773 2428 ἀν
1788 2365 1881 2446 οἶμαι
1896 2378 2098 2446 συνενεγκεῖν

311 2469 383 2550 περὶ
408 2455 454 2528 ὧν
476 2465 542 2527 νυνί
565 2471 727 2536 σκοπεῖτε,
750 2463 840 2525 ταῦτ’
867 2469 967 2528 εἰπεῖν
989 2464 1206 2544 πειράσομαι;

462 2587 593 2646 prooem.
616 2567 729 2626 XXII:
762 2557 785 2627 ἀ
806 2565 957 2645 βελτισθ
983 2567 1057 2647 ύμῖν
1080 2562 1321 2643 ὑπολαμβάνω,
1350 2565 1441 2628 ταῦτ’
1468 2561 1527 2642 ἤδη
1550 2567 1787 2648 συμβουλεύσω
1810 2573 1847 2632 ol.
1869 2594 2001 2651 prooem.
2024 2575 2097 2636 XL:

312 2665 335 2734 ἀ
358 2670 388 2733 δ’
413 2667 555 2748 ἡγοῦμαι
577 2673 755 2752 συμφέρειν
779 2666 861 2746 ύμῖν,
886 2675 994 2729 ταυτα
1017 2666 1268 2748 συμβουλεύσως

464 2793 595 2852 prooem.
616 2772 725 2830 XXV:
748 2767 883 2850 εὔχομαι
906 2769 941 2833 δέ
964 2779 1034 2843 τοῖς
1058 2769 1155 2841 θεοῖς
1178 2771 1213 2828 cl.
1236 2789 1368 2846 prooem.
1390 2771 1517 2831 XXXI:
1550 2767 1609 2834 Ε’ύ.
1633 2773 1660 2834 δ.
1685 2796 1712 2835 τ.
1737 2773 1775 2838 θ.

463 2895 593 2955 prooem.
616 2873 743 2932 XXIX:
772 2867 917 2952 Πρῶτον
936 2873 996 2951 μέν
1017 2869 1113 2936 οὐδέν
1135 2875 1206 2932 ἐστι
1229 2870 1352 2936 καινόν.
1376 2863 1403 2931 οἶ
1426 2869 1458 2934 ἀ.
1479 2871 1524 2935 Ἀ.
1549 2876 1597 2935 cll.
1620 2898 1753 2954 prooem.
1775 2877 1934 2939 XXXVI:
1966 2875 2032 2962 Πρ.
2054 2903 2099 2958 μ.,

313 2971 349 3042 τό.
373 2974 405 3040 ἀ.
423 2974 482 3044 Ἀ..
505 2977 544 3036 ού
564 2975 651 3038 πάνυ
671 2995 727 3052 μοι
750 2974 845 3036 δοκεῖ
863 3011 904 3020 -
926 2985 955 3034 et
979 2975 1172 3034 XXXVIII:
1200 2970 1261 3052 Πρ.
1277 2995 1309 3050 μ.
1333 2972 1375 3034 ού
1394 2974 1479 3036 πάνυ
1502 2972 1706 3053 θαυμαστόν
1728 2982 1825 3050 ἐστιν,
1851 2971 1879 3037 ιδ
1900 2976 1933 3040 ἀ.
1948 2981 2013 3056 ’νίς

464 3099 595 3158 prooem.
618 3076 745 3136 XXIX:
783 3075 852 3145 ἵνα,
880 3070 923 3138 ἀν
949 3077 1008 3154 μέν
1032 3075 1108 3152 ύμῖν
1130 3075 1266 3156 ἀρέσκῃ,
1288 3078 1345 3136 καὶ
1369 3075 1413 3138 τά
1435 3076 1533 3140 λοιπά
1555 3077 1710 3152 διδάσκω,
1733 3083 1762 3141 εί
1783 3079 1819 3144 δέ
1840 3081 1892 3160 μὴ,
1913 3079 1995 3158 μάθ’
2022 3081 2097 3158 ύμῖν

314 3182 431 3258 ἐνοχλεῖν
452 3177 523 3258 μήτ’
550 3177 692 3256 ἐμαυτόν
712 3177 828 3240 κόπτω
856 3181 891 3238 cl.
919 3199 1051 3258 prooem.
1073 3179 1246 3238 XXXVII:
1281 3177 1316 3237 ι”ν’
1350 3177 1409 3240 ἐάν
1441 3181 1502 3256 μέν
1532 3183 1739 3255 ἀκούσαντες
1770 3185 1868 3244 τοῦτο
1903 3181 1980 3256 τούς
2012 3183 2097 3262 μετά

313 3289 422 3349 ταῦτα
450 3281 567 3358 λόγους
593 3279 765 3360 βούλησθε
798 3280 946 3354 ἀκούειν,
977 3282 1034 3342 καὶ
1065 3279 1209 3360 διδάσκῃ
1231 3280 1288 3341 καὶ
1311 3279 1424 3362 φράζῃ
1448 3280 1491 3342 τά
1512 3281 1673 3360 βέλτιστα
1695 3281 1789 3366 αύτηῖ
1809 3283 1979 3356 δοκοῦντα,
2002 3281 2095 3349 ἀνδ

315 3384 592 3462 ἀποδοκιμάσητε,
614 3380 861 3460 ἀπηλλαγμένος
882 3374 905 3462 ᾖ
926 3382 983 3442 καί
1005 3380 1086 3458 μήτε
1108 3379 1185 3457 ι’·μῖν
1207 3381 1316 3462 ε’νοχλῃ
1338 3380 1419 3460 μήτε
1443 3381 1547 3444 αύτον
1570 3387 1693 3466 κόπτῃ;

469 3523 601 3581 prooem.
625 3501 771 3560 XXXII:
794 3495 993 3581 Ἐβουλόμην
1015 3495 1067 3570 ἀν,
1092 3489 1117 3558 ὦ
1142 3493 1175 3559 ἀ.
1197 3495 1255 3568 Ἀ,
1277 3497 1337 3572 την
1359 3503 1433 3572 ἴσην
1456 3500 1601 3577 σπουδὴν
1623 3505 1725 3575 ἐνίους
1741 3507 1809 3564 τῶν
1824 3501 1990 3580 λεγόντων
2006 3511 2096 3566 ποιεῖ·

314 3604 465 3669 σθαι-
488 3595 628 3682 ὅσηνπερ
659 3593 746 3673 ὅπως
779 3592 814 3662 εὖ
844 3597 977 3678 δόξουσι
998 3602 1116 3678 λέγειν,
1146 3596 1179 3660 ἵν’
1209 3591 1302 3660 οὗτοι
1329 3600 1388 3676 μέν
1418 3603 1491 3662 ἀντὶ
1519 3609 1578 3664 τοῦ
1605 3603 1702 3665 δεινοὶ
1733 3603 1838 3682 λέγειν
1861 3607 2010 3678 ἐπιεικεῖς
2029 3607 2092 3663 ἐνσ-

313 3705 447 3790 μίζσντο
475 3701 561 3767 εἶναι
583 3706 633 3762 cll.
655 3724 788 3781 prooem.
811 3705 972 3764 XXXIII:
1004 3704 1061 3764 καί
1088 3704 1190 3765 πλείω
1214 3701 1359 3776 σπουδήν
1382 3709 1439 3762 του
1467 3703 1576 3767 δοκεῖν
1598 3703 1738 3780 ἐπιεικης
1765 3701 1851 3768 εἶναι
1875 3703 1894 3782 ἢ
1916 3709 1974 3768 τοῦ
1994 3699 2096 3773 δεινός

313 3817 413 3875 εἰπεῖν
440 3809 586 3892 φανῆναι
613 3813 741 3866 ποιοῖτο
769 3813 799 3864 et
828 3807 950 3864 XLVI:
985 3810 1013 3868 εί
1040 3805 1106 3886 γάρ
1128 3805 1264 3885 ῥύτορες
1286 3802 1385 3865 δεινοὶ
1406 3807 1532 3885 μᾶλλον
1554 3803 1638 3869 εἶναι
1666 3805 1814 3885 δοκεῖνῆ
1847 3807 1913 3884 μετ’
1936 3803 2099 3881 ἀληθείας

315 3917 465 3983 ἐπιεικεῖς
487 3908 660 3990 ἄνθρωποι
685 3903 885 3984 νομίζεσθαι
909 3907 1113 3990 προει’λοντο,·

470 4013 556 4071 ibid:
581 4013 614 4071 σι’
636 4014 781 4069 τοιοῦτοι
801 4010 892 4086 λόγων
915 4009 975 4071 τόν
997 4007 1129 4088 λέγονθ’
1145 4011 1265 4088 ὁμοίως
1287 4011 1479 4090 πεφύκασιν
1502 4007 1672 4087 ἐξαπατᾶν
1696 4015 1732 4072 cl.
1755 4034 1885 4093 prooem.
1907 4011 1999 4070 LVI:
2028 4003 2104 4070 ὅσοι

317 4116 407 4192 λόγοι
431 4134 462 4175 π.
486 4115 527 4188 ἐ,,·

469 4237 599 4294 prooem.
623 4215 784 4276 XXXIII:
820 4212 975 4294 ὑμέτερον
1008 4211 1040 4274 δ’
1076 4211 1290 4286 ἀκούσαντας
1316 4222 1443 4294 κρῖναι,
1474 4211 1538 4276 κάν
1568 4213 1706 4294 ἀρέσκῃ,
1732 4217 1885 4296 χρῆσθαι
1909 4215 1946 4273 cl.
1970 4228 2100 4288 prooem.

318 4320 476 4379 XXXVI:
500 4315 682 4400 σκέψασθε
706 4317 741 4376 δέ·
764 4316 976 4388 ἀκούσαντες,
1000 4313 1062 4377 κάν
1086 4314 1161 4390 ύμῖν
1184 4313 1320 4395 ἀρέσκῃ,
1339 4318 1535 4394 χρησασθες

469 4441 599 4496 prooem.
615 4419 751 4478 XXXV:
779 4417 944 4496 βούλομαι
970 4417 1074 4496 μικρά
1102 4438 1181 4498 προς
1211 4417 1336 4490 αύτούς
1358 4422 1458 4480 εἰπεῖν
1491 4419 1541 4480 cll.
1570 4438 1704 4496 prooem.
1729 4417 1888 4476 XXXVI:
1920 4408 2046 4492 βραχύς
2068 4411 2099 4468 δ’

319 4523 415 4584 ἔσται
444 4525 498 4585 (ετ.
522 4519 539 4582 ὁ
562 4519 687 4597 λόγος),
715 4519 889 4580 XXXVII:
918 4515 991 4580 Καί
1021 4519 1182 4600 βραχεῖαν
1206 4558 1245 4567 -
1280 4543 1308 4582 κ.
1334 4521 1469 4581 δικαιάν
1499 4519 1679 4598 ποιήσομαι
1707 4519 1768 4594 την
1792 4511 1895 4596 ἀρχην
1916 4519 1975 4572 τοῦ
1996 4512 2103 4588 λόγου.

318 4623 456 4682 XLVII:
481 4643 558 4700 προς
580 4623 614 4686 δι’·
639 4621 714 4694 τους
738 4659 776 4666 -
799 4623 928 4702 βραχέα
951 4627 1050 4684 εἰπεῖν
1071 4622 1249 4702 βούλομαι,·

472 4762 603 4818 ριοοεω.
627 4743 748 4802 XLIV:
783 4742 825 4803 ἀν
854 4740 881 4801 δ
909 4741 1075 4814 ἀκούσητε
1099 4749 1206 4822 σιωπῇ
1229 4741 1285 4803 καί
1310 4737 1408 4802 τοῦθ’
1437 4737 1639 4816 ὑπομείνητε,
1662 4739 1756 4802 δυοῖν
1778 4731 1931 4812 ἀγαθοῖν
1955 4729 2104 4814 θάτερον

322 4841 397 4922 υμῖν
421 4838 574 4920 ε’πάρξει’
600 4839 617 4916 ἢ
639 4841 703 4922 γάρ
733 4841 973 4918 πεισθήσεσθε,
1002 4841 1045 4904 ἀυ
1078 4868 1109 4905 τι
1136 4843 1284 4920 δοκῶμεν
1307 4843 1413 4918 λέγειν
1435 4851 1631 4925 συμφέρειν.
1662 4843 1680 4917 η
1709 4837 1928 4920 Ιάεβαιότερον
1959 4835 2028 4912 περὶ
2059 4823 2104 4894 ων

320 4945 486 5025 ἐγνώκατε
511 4943 633 5006 ε”σεσθε
657 4963 861 5024 πεπεισμενοι
884 4948 921 5004 cl.
945 4967 1076 5024 prooem.
1102 4947 1237 5006 XLVII:
1266 4943 1432 5006 ἀκούσασι
1456 4946 1491 5008 δὲ
1514 4945 1604 5006 δυοῖν
1627 4942 1784 5022 ἀγαθοῖν
1806 4935 1866 4998 οὒκ
1887 4937 1933 4998 ε”νι
1957 4935 2107 5016 θατέρου

320 5047 523 5126 διαμαρτεῖν.
570 5043 587 5122 i}
614 5044 682 5129 γάρ
707 5045 895 5118 πεισθέντες
923 5046 1043 5120 πάντες
1064 5048 1121 5108 καὶ
1146 5045 1256 5109 ταύτά
1279 5048 1461 5124 ἐγνωκότες
1483 5067 1670 5126 κοινότερον
1691 5038 1922 5122 βουλεύσεσθε
1947 5057 2000 5083 -·
2022 5033 2042 5112 ἡ
2066 5073 2106 5083 -

321 5147 537 5226 βεβαιότερον
561 5157 628 5219 τοῖς
651 5151 868 5224 ἐγνωσμένοις
892 5148 1098 5213 πιστει’·σετε;
