4614 5752
1042 360 1194 368 ————-

1135 473 1223 546 ἐλπίς
1238 465 1276 548 ἦν
1292 465 1382 536 αάτά
1396 470 1517 554 βελτίω
1532 469 1695 550 γενέσθαι
1710 473 1748 534 cl.
1764 471 1796 529 in
1808 471 1891 532 Phil.
1904 473 1964 546 111,
1983 476 2015 534 5:

1136 574 1175 638 τὸ
1193 579 1362 658 χείριστον
1384 577 1417 636 ἐν
1440 583 1509 648 τοῖς
1531 569 1790 657 παρεληλυθόσι,
1813 577 1914 635 τοῦτο
1934 568 2018 656 πρὸς

1136 674 1180 740 w*
1206 675 1368 755 μέλλοντα
1400 674 1577 757 βέλτιστον
1602 675 1748 758 ύπάρχει.
1798 678 1834 736 τί
1860 665 1919 737 οὖν
1948 678 2018 737 ἐστι

1112 768 1248 860 ,τούτῳ
1281 773 1333 843 ὅτι
1362 771 1438 840 ούτε
1467 776 1582 862 μικρὸν
1610 775 1687 839 ούτε
1714 781 1801 857 μέγα
1829 776 1924 841 οὐδὲν
1950 783 2018 840 τῶν

1113 864 1279 946 Ιδεόντων
1306 878 1488 945 ποιούντων
1522 875 1611 958 ὑμῶν
1638 885 1753 954 κακῶς
1781 875 1824 942 τά
1851 873 2016 962 πράγματ’

1113 985 1212 1078 ,ἐχει,
1237 986 1308 1046 ἐπεί
1328 1003 1389 1058 τοι,
1412 985 1440 1043 εί
1463 979 1567 1045 πάνθ’
1592 975 1615 1046 ἀ
1637 985 1781 1065 προσῆκε
1803 981 2017 1065 πραττόντων

1114 1079 1225 1181 ,οὕτω
1249 1083 1397 1162 διέκειτο,
1421 1077 1488 1145 οὐδ’
1514 1081 1556 1146 ἀν
1577 1085 1663 1158 ἐλπίς
1685 1077 1724 1161 ἦν
1747 1078 1838 1146 αὐτὰ
1859 1081 2017 1164 γενέσθαι

1136 1185 1271 1270 βελτίω.

264 1299 400 1361 P1000m·
428 1270 798 1355 XXX112’Essovllpnv
831 1269 887 1342 ἆίι
917 1265 942 1334 ὦ
973 1271 1005 1338 ἄ·
1027 1271 1094 1362 ’An
1183 1290 1220 1349 de
1244 1289 1405 1349 τομαῖον.
1425 1295 1477 1350 17:
1501 1281 1608 1361 οὕτως
1619 1281 1820 1367 ὀλιγωροῦσι
1836 1292 1895 1350 τοῦ
1911 1286 2019 1351 δοκεῖν

224 1379 284 1460 :viv
298 1384 375 1455 ἴσην
389 1373 532 1454 σπουδὴν
548 1378 653 1452 ένίους
664 1380 732 1439 1⁰3⁹
745 1375 912 1454 λδίόῖῐωῖ
923 1375 1097 1440 incifola:
1117 1383 1120 1440 i
1141 1393 1292 1464 ἐπιεικεῖς
1325 1387 1409 1454 εἶναι
1441 1390 1498 1452 καὶ
1531 1388 1699 1461 παντελῶς
1733 1383 1840 1451 τάλλα
1869 1387 2020 1470 πάρεργα

224 1478 314 1554 ὅπως
341 1477 385 1542 rol
417 1480 578 1561 βέλτιστα
608 1482 737 1563 ἐροῦσιν
769 1471 911 1562 ὅσηνπερ
942 1471 1032 1550 ὅπως
1060 1463 1096 1539 εὖ
1141 1488 1222 1574 πρὸς
1244 1483 1282 1552 τὸ
1306 1490 1422 1574 λαβεῖν
1443 1489 1639 1571 ηομχζουωη,

226 1581 358 1668 δόξουσι
380 1582 487 1662 λέγειν
509 1583 557 1644 cll.
579 1601 710 1662 prooem.
725 1581 890 1640 XXXIII:
915 1579 972 1642 καὶ
995 1578 1097 1641 πλείω
1147 1651 1154 1658 Ι

225 1682 368 1762 σπονδην
388 1689 448 1746 τοῦ
470 1684 582 1748 δοκεῖν
603 1679 743 1758 ἐπιεικής
764 1676 849 1746 εἶναι
872 1676 893 1759 ἢ
914 1685 973 1744 τοῦ
997 1678 1100 1754 δεινὸς

225 1793 324 1852 εἰπεῖν
338 1789 485 1873 φανῆναι
502 1791 630 1849 ποιοῖτο
647 1788 680 1843 ot
691 1784 814 1846 XLVI:
836 1785 864 1846 εί
881 1781 950 1869 γάρ
965 1784 1101 1870 ῥύτορες

224 1890 321 1955 δεινοὶ
345 1888 471 1968 μᾶλλον
503 1883 588 1950 εἶναι
623 1883 730 1947 δοκεῖν
767 1878 788 1960 ι’)
825 1889 895 1966 μετ’
933 1882 1101 1963 ἀληθείας
1197 1963 1198 1966 ¹

223 1994 373 2064 ἐπιεικεῖς
394 1983 570 2073 ἀνθρωποι
591 1983 795 2067 νομίζεσθαι
816 1987 1014 2068 προείλοντο.

266 2115 390 2174 prooem
411 2092 502 2152 XLI:
525 2089 584 2153 καὶ
606 2083 747 2169 νομίζειν
768 2086 891 2168 μηδένα
906 2091 990 2168 ἐχειν
1006 2089 1124 2171 λόγον’
1189 2085 1226 2144 de
1251 2077 1357 2144 Ghfllfl·
1382 2091 1433 2144 77³
1461 2080 1519 2162 0le
1541 2084 1607 2167 ὁρῶ
1629 2081 1727 2164 λόῖθῖ
1749 2079 1840 2160 ὅστις
1862 2107 1941 2152 ἄνευ
1963 2092 2022 2150 τοῦ

226 2184 1101 2276 είπεῖντῶνσυμβονλενόντωντοιοῦτον,δςδννίγοεται
1144 2196 1250 2250 ποιεῖν
1281 2187 1367 2266 ὑμᾶς
1400 2177 1423 2249 ἅ
1451 2185 1608 2268 προσῆκε(
1635 2183 1810 2262 ὃυίύσὲῒαῑ
1838 2186 1899 2266 τόν
1927 2189 2022 2252 πόλιν

228 2299 334 2358 σῶσαι
352 2293 397 2358 τά
419 2294 570 2378 παρόντα
584 2290 722 2373 μηδενὸς
735 2294 827 2372 ύμοῖν
841 2292 941 2372 μηδὲν
957 2313 1102 2376 σνναρα-
1123 2332 1125 2345 .
1145 2293 1263 2350 σῶσαι.

224 2401 329 2478 μνον.
1123 2464 1126 2483 ,

266 2521 401 2580 prooem.
424 2499 519 2561 XLI:
542 2495 582 2559 τὸ
606 2496 641 2560 δὲ
664 2493 708 2574 μὴ
730 2494 833 2559 πάλαι
856 2493 949 2561 πάντ’
973 2495 1125 2560 ἀπολω-”
1191 2494 1238 2554 01.
1261 2494 1292 2568 Ι,
1321 2495 1371 2551 1οτ
1394 2487 1434 2551 τὸ
1457 2488 1491 2553 δέ·
1512 2493 1592 2570 μητε
1616 2491 1717 2556 πάλαι
1740 2498 1838 2556 τοῦτο
1860 2497 2023 2560 πεπονθέ-

223 2603 314 2668 λέναι
352 2607 411 2677 τῆς
448 2599 608 2683 ὑμετέρας
645 2597 744 2675 τύχης
777 2593 961 2682 εὐεργέτημ’
999 2601 1103 2680 ἐγωγε
1124 2570 1127 2707 ι
1147 2615 1201 2658 ναι
1224 2596 1356 2668 -,,τῆς
1378 2586 1452 2672 παρ’
1470 2593 1606 2656 ἐκείνων
1627 2588 1758 2670 εὐνοίας
1780 2589 1963 2682 εὐεργέτημ’
1982 2595 2024 2663 ἀν

225 2707 335 2790 κρίνοι.
1125 2714 1127 2769 ;
1148 2698 1251 2776 ἔγωγε
1273 2693 1383 2770 θείην.

267 2827 400 2886 prooem.
429 2804 520 2864 XLI:
550 2799 588 2864 ού
609 2797 677 2883 γάρ
700 2797 774 2864 ἔσθ’
801 2793 890 2877 ὅπως
913 2806 1004 2866 ταῦτ’
1026 2795 1105 2868 ἀνευ
1126 2882 1128 2890 Ι
1193 2799 1237 2880 [in
1259 2798 1343 2857 Phil·
1365 2796 1434 2878 ΙΙΙ,
1459 2801 1515 2858 ἐύε
1538 2795 1594 2860 καὶ
1617 2797 1677 2862 τὸν
1692 2801 1808 2886 φόβον,
1832 2799 1875 2878 ἀς
1890 2800 1929 2866 ού
1946 2806 2024 2884 στή-

226 2901 485 2989 μεγάλουτινὸς
509 2902 679 2980 στήσεται.
1149 2921 1246 2964 σεται
1269 2903 1369 2961 τοῦτο
1392 2891 1470 2962 ἀνευ
1492 2899 1636 2978 μεγάλον
1659 2901 1747 2978 τινός
1769 2908 1885 2968 κακοῦ.

266 3029 400 3091 prooem.
421 3007 529 3070 XLII:
556 3001 594 3067 τό
623 3001 701 3078 τούς
730 3003 861 3078 εἰδότας
887 3003 972 3084 ὑμεῖς
994 3009 1127 3068 ταῦτα’
1191 3005 1224 3063 in
1252 3002 1335 3060 Phil.
1363 3001 1428 3074 ΠΙ,
1463 3006 1519 3060 55:
1557 2995 1648 3068 ἀλλά
1677 3007 1734 3069 καὶ
1760 3005 1846 3087 μετά
1877 3008 2026 3085 πλειόνος

225 3111 381 3182 πολλάκις
401 3101 494 3184 ἥδιον
510 3106 638 3169 τούτων
654 3104 787 3169 ἀκούειν
801 3103 824 3185 ἢ
838 3111 905 3169 τοῖν
920 3105 1000 3185 ύπέρ
1016 3103 1105 3188 ὑμῶν
1125 3052 1128 3181 λ
1148 3099 1339 3190 ἀσφαλείας
1373 3099 1611 3166 πολιτεύεσθαι
1647 3104 1815 3172 δεδώκατε
1848 3109 1978 3186 τούτοις
2005 3109 2025 3189 ἢ

228 3213 397 3293 λεγόντων.
1125 3217 1218 3296 Ιτοῖς
1241 3203 1317 3288 ύπέρ
1340 3207 1431 3284 ύμών
1451 3202 1612 3282 λέγουσιν.

271 3335 401 3391 prooem.
415 3313 543 3373 XLIII:
559 3309 653 3374 οὐδὲν
668 3305 735 3393 γάρ
751 3302 828 3372 ούτε
844 3309 1127 3394 φυλαττομένοιςς
1191 3311 1223 3372 in
1245 3309 1326 3368 Phil.
1349 3310 1378 3380 Ι,
1411 3311 1442 3366 3:
1471 3300 1522 3368 ὅτι
1549 3302 1644 3372 ούδέν
1667 3307 1744 3374 alze
1767 3313 2026 3398 φυλαττομένοις

231 3403 318 3475 ούτω
340 3411 444 3476 δεινὸν
464 3407 540 3476 ὥστ’
564 3409 764 3500 ἀφύλακτον
779 3406 874 3492 εἶναι,
898 3403 973 3474 ούτε
989 3407 1105 3492 ὀλιγω-
1125 3384 1128 3513 λ
1147 3407 1223 3490 ύμῖν
1242 3414 1313 3472 ἐστι
1335 3403 1484 3494 φοβηρὸν
1502 3402 1582 3484 οὔτ’,
1605 3403 1647 3473 ἀν
1662 3406 1851 3494 ὀλιγωρῆτε,
1874 3423 2026 3482 τοιοῦτον

229 3517 346 3596 ρούσιν
369 3513 616 3597 ἀπροσδόκητον
638 3511 773 3578 παθεῖν.
1125 3507 1220 3607 [οἷον
1243 3505 1286 3576 ἀν
1307 3509 1398 3592 ὑμεῖς
1418 3507 1601 3594 βούλοισθε
1623 3549 1669 3574 -.

270 3637 408 3698 prooem.
428 3614 548 3675 XLIX:
572 3614 648 3690 τούς
668 3615 727 3694 μέν
742 3605 937 3687 οὖνάλλονς
952 3607 1131 3690 ἀπανταςὶ
1192 3616 1229 3675 de
1252 3617 1317 3674 sals.
1340 3615 1399 3690 leg.
1424 3617 1458 3673 2:
1488 3609 1576 3687 τούς·
1594 3613 1655 3694 μὲν
1681 3604 1739 3678 οὖν
1761 3611 1883 3692 ἀλλους
1904 3655 1945 3666 —-
1969 3621 2027 3698 την

229 3719 335 3798 ἐγωγε
359 3716 426 3802 ὁρῶ
449 3713 509 3792 την
531 3715 697 3800 ἀειλογίαν
719 3721 990 3801 προτεινομένους
1011 3697 1068 3782 -.’
1127 3711 1320 3795 ἀειλογίαν
1343 3717 1411 3798 ὁροῖ
1432 3719 1705 3796 προτεινομένους.

271 3839 407 3900 ρτοοειο.
431 3819 474 3878 L:
503 3815 590 3881 ἀλλά
618 3819 672 3883 δεῖ
694 3823 752 3882 νῦν
774 3810 812 3882 εὖ
831 3816 1107 3903 βεβουλευμένους
1126 3814 1128 3835 “
1192 3820 1230 3878 δε
1252 3820 1340 3880 class.
1364 3821 1396 3880 8:
1418 3819 1603 3900 προσῆκον,
1630 3818 1680 3880 ἐπὶ
1701 3819 1760 3898 μὲν
1782 3823 1848 3883 τῶν
1869 3823 2027 3887 κινδύνων

234 3915 316 3994 ἡμᾶς
341 3924 504 4003 φανῆναι,
534 3918 608 3982 τότε
635 3919 684 3996 δέ,
711 3915 755 3983 ἀν
781 3915 851 4005 ἀρα
879 3923 990 3984 ταῦτα
1011 3921 1105 4002 δοκῇ,
1150 3918 1210 3997 τήν
1237 3915 1396 4002 ἀνδρείαν
1422 3915 1673 3993 ἐνδείκνυσθαι,
1703 3921 1737 3983 ἐν
1759 3921 1795 3985 δέ
1817 3928 1866 4004 tq]
1887 3926 2028 4008 συμβου-

235 4015 279 4078 τνὶ
301 4023 357 4096 τῆς
378 4021 538 4108 ἀνδρείας
560 4017 814 4100 ἀποδείξασθαι.
1149 4021 1255 4086 λεύειν
1278 4019 1514 4108 φρονιμώτερα
1538 4024 1603 4081 τῶν
1625 4013 1739 4085 ἀλλων
1761 4026 1861 4087 είπεῖν
1882 4028 1973 4102 ἐχειν.

275 4139 406 4198 prooem.
427 4125 523 4185 LIII:
548 4125 585 4185 ἐκ
599 4128 739 4201 πτωχῶν
753 4123 904 4188 πλούσιοι
919 4124 1104 4204 γεγόνασιν.
1192 4127 1240 4187 01.
1262 4125 1326 4198 ΠΙ,
1352 4127 1408 4184 29:
1441 4127 1477 4186 ἐκ
1504 4127 1641 4200 πτωχῶν
1671 4123 1818 4188 πλούσιοι
1840 4125 2025 4206 γεγόνασιν,

1125 4194 1185 4309 λέν
1214 4226 1320 4286 Ghers.
1350 4233 1404 4286 ἐόν
1432 4229 1469 4288 ἐκ
1495 4231 1632 4304 πτωχῶν
1658 4228 1735 4288 ἔνιοι
1765 4223 1848 4304 ταχύ
1877 4228 2028 4294 πλούσιοι

1126 4342 1127 4359 ’
1147 4325 1328 4408 γεγόνασιν
1351 4331 1402 4404 (--
1429 4327 1473 4409 [in
1496 4329 1578 4389 Phil.
1600 4327 1676 4410 1V]‚
1701 4333 1767 4408 68),
1791 4331 1908 4393 decor.
1956 4340 2028 4397 13ι;

1149 4431 1303 4502 πλούσιος
1331 4431 1367 4490 ἐκ
1391 4433 1523 4504 πτωχοῦ
1550 4426 1606 4491 διά
1633 4431 1787 4494 τουτουσὶ
1809 4433 1968 4514 γεγονώς,
1997 4439 2028 4496 in

1126 4488 1303 4592 lAristoer.
1329 4535 1403 4591 209:
1432 4532 1468 4591 ἐκ
1489 4551 1540 4594 πτ.
1570 4523 1714 4614 εύποροι,
1745 4536 1775 4593 in
1798 4536 1927 4597 Iimocr.
1955 4542 2028 4600 124:

1150 4634 1187 4693 ἐκ
1209 4630 1355 4706 πενήτων
1375 4630 1524 4694 πλούσιοι
1547 4670 1586 4677 -
1609 4631 1803 4714 γιγνόμενοι,
1825 4639 2028 4702 adv.Eubu1.

1154 4740 1209 4792 45:
1232 4732 1350 4795 πολλαὶ
1374 4730 1401 4795 δ
1426 4737 1462 4796 ἐκ
1484 4755 1514 4796 π.
1536 4733 1585 4796 πλ.

275 4851 405 4911 prooem.
439 4833 533 4896 LIII:
571 4829 767 4914 ὁμοιότατα,
803 4825 828 4895 ὦ
861 4831 893 4897 ἀ.
937 4832 1003 4912 Ἀ,
1037 4845 1108 4909 τοῖς
1196 4836 1245 4895 Ol.
1273 4837 1337 4910 111,
1369 4839 1424 4898 33:
1458 4827 1482 4897 ἀ
1509 4843 1579 4910 τοῖς
1607 4836 1819 4922 [ἀσθενοῦσι]
1842 4839 1934 4924 παρά
1962 4844 2030 4906 τῶν

230 4929 324 5017 παρά
353 4939 419 4999 τῶν
444 4937 572 5020 ἐατρῶν
601 4937 720 5008 σιτίοις
748 4932 894 5008 διδόντες
923 4931 1008 5016 ύμῖν.
1051 4937 1107 5000 καὶ
1153 4942 1277 5017 ιάτριῦν
1301 4939 1418 5010 σιτίοις
1440 4936 1619 5017 διδομένοις
1634 4942 1729 5004 ἐόικε.
1766 4943 1822 5005 καί
1838 4939 1905 5026 γάρ
1920 4945 2031 5008 ἐκεῖνα

232 5034 298 5122 γάρ
323 5039 432 5101 ἐκεῖνον
456 5032 523 5099 οὔτ’
551 5033 647 5114 ίσχύν
669 5034 840 5114 ἐντίθησιν
861 5029 938 5099 ούτε
961 5033 1111 5115 ἀποθνή-
1133 5120 1135 5129 Ι
1155 5033 1221 5101 οὒτ’
1246 5037 1340 5116 ἰσχύν
1362 5037 1534 5115 ἐντίθησιν
1556 5035 1621 5104 οὔτ’
1646 5037 1875 5121 ἀποθνήσκειν
1896 5046 1945 5125 ἐᾷ.

235 5159 323 5203 σκειν
346 5143 395 5221 ἐᾷ.
1134 5135 1135 5150 ’
