4614 5752
1089 289 1123 347 11

209 497 244 554 in
265 496 417 554 A'ristocr.
445 496 513 564 113,
539 492 581 568 [in
605 490 804 568 Aristog.1],
831 497 878 565 71,
903 491 970 552 adv.
994 492 1104 550 Boeol.
1126 493 1151 565 I,
1181 497 1228 566 19,
1251 492 1320 550 adv.
1338 489 1434 570 Spud.
1460 498 1487 564 9,
1511 494 1579 552 adv.
1602 492 1723 556 Galliul.
1748 499 1774 568 5,
1797 495 1866 554 adv.
1889 496 2004 554 Eubul.

217 603 259 670 15,
283 592 380 682 [Deol.
403 595 478 669 fun]
496 596 546 666 24,
571 594 661 670 epist.
682 594 742 664 ΠΙ,
770 599 795 667 7,
820 594 900 675 [V1],
929 601 953 653 1.
978 593 1158 676 (δυσχερῶς
1181 595 1213 651 in
1235 593 1318 652 Phil.
1333 594 1376 667 11,
1401 597 1450 668 20,
1476 594 1512 652 de
1534 594 1603 653 fals.
1626 595 1685 672 leg.
1709 597 1778 668 223,
1801 597 1834 654 in
1849 597 2005 657 Aristoor.

214 707 258 770 19,
281 699 352 760 adv.
375 696 491 756 Eubul.
516 699 571 767 35;
594 693 766 775 δυσχέρεια
790 693 838 772 [de
861 697 937 756 foed.
960 695 1062 773 Alex]
1088 703 1115 775 7,
1140 696 1266 773 [Anah]
1295 700 1354 772 19.)

362 797 612 876 ἐγγίγνεταί
638 816 721 858 τινι
745 797 877 856 lucullus
900 799 993 856 alieni
1017 799 1117 874 detur,
1149 798 1345 858 lio'etnlieui:
1375 795 1431 860 διά
1453 795 1520 878 γάρ
1548 797 1689 870 τούτους
1712 793 1762 883 ἐφ’
1793 801 1926 876 ἡσυχίας
1948 803 2006 863 καὶ

204 901 281 985 παρ’
316 901 449 962 ἐκείνων
475 900 629 976 όγγένοιτ’
654 893 697 960 ἀν
727 901 803 977 ὑμῖν
831 897 923 974 δίκην
954 898 1068 982 λαβεῖν
1094 918 1225 978 prooem.
1247 899 1324 972 XX,
1355 899 1430 974 „ile
1453 898 1481 961 δ
1503 901 1675 978 ἐγγένηται
1699 898 1910 976 Δημοσθένει
1932 905 2004 982 περὶ

206 1005 310 1080 αὐτῆς
331 1007 441 1074 εἰπεῖν,
464 999 662 1082 παρέλιπον“
679 1003 715 1060 de
739 1021 798 1060 cor.
816 1004 875 1060 253
894 1003 973 1079 (ipse
988 1003 1153 1062 Aeschinis
1176 1003 1269 1062 verbu
1285 1009 1389 1060 utrum
1406 1003 1469 1060 sint
1493 1022 1596 1076 neone,
1620 1024 1681 1061 non
1697 1004 1797 1062 ausim
1815 1005 2004 1082 diiudicare),

210 1105 265 1168 ἵνα
284 1103 372 1185 μετά
395 1102 551 1166 πλειόνων
574 1103 688 1174 αὐτοῖς
708 1104 879 1180 ἐγγίνηται
896 1107 995 1164 τοῦτο
1011 1101 1170 1185 πράττειν
1186 1105 1234 1179 [de
1250 1105 1326 1164 foed.
1341 1105 1445 1180 Alen]
1463 1105 1512 1176 26,
1536 1101 1605 1164 ούδ
1624 1101 1880 1182 »ἐγγενέσθαι
1897 1105 2005 1186 τούτῳ

208 1207 251 1284 μή
275 1207 422 1290 φάσκειν
444 1201 557 1279 ἀληθῆ
579 1223 618 1280 με
641 1203 746 1280 λέγειν
769 1206 836 1264 adv.
853 1205 1001 1265 Pantaen.
1023 1212 1052 1276 13
1076 1207 1112 1266 cf.
1135 1207 1212 1282 όμσί
1232 1225 1266 1264 τε
1289 1207 1455 1282 ἐκγέκοιτο
1479 1206 1694 1284 (ἐγγένοιτοῖ)
1718 1203 2007 1286 ἀπολογήσασθαι

207 1311 277 1370 adv.
300 1309 413 1368 Eubul.
440 1311 486 1366 12.
527 1305 701 1366 concidunt
723 1305 830 1383 igilur,
854 1327 932 1382 qnae
955 1307 1159 1384 Windeliusl)
1185 1309 1352 1366 contendit.
1390 1305 1564 1388 (Significat
1587 1314 1745 1386 praeterea
1767 1307 2007 1388 ἐγγίγνεσθαιτ

371 1413 399 1486 1)
423 1410 612 1469 intercedere
637 1409 875 1486 (ιΙε1ε111ροι·ε)τ
900 1409 936 1467 de
958 1409 1025 1466 fals.
1047 1410 1105 1485 leg.
1130 1413 1200 1482 324,
1224 1411 1292 1469 adv.
1315 1410 1462 1468 Panluen.
1487 1414 1513 1482 2,
1539 1411 1583 1484 [in
1606 1409 1719 1486 Euerg.
1742 1415 1773 1468 el
1796 1411 1937 1488 Mnesib.]
1957 1417 2005 1483 29,

211 1519 263 1585 30,
289 1517 334 1586 32,
360 1517 407 1586 63,
433 1512 532 1588 [Deol.
556 1511 629 1591 fun]
654 1516 681 1568 6.

363 1620 395 1693 2)
419 1617 532 1674 inesse:
556 1615 593 1671 de
617 1635 675 1670 con.
702 1613 765 1694 68.)

362 1713 531 1780 ἐθέλειν
546 1713 705 1776 ἀκούειν
721 1735 852 1792 prooem.
866 1715 906 1802 V,
925 1714 1045 1790 XXVI,
1062 1716 1215 1790 XXXIV,
1234 1715 1387 1787 XXXVI,
1400 1715 1586 1787 XXXVIII,
1604 1713 1721 1787 XLIV,
1737 1714 1870 1788 XLVII,
1885 1715 2004 1792 XLIX,

215 1823 262 1880 01.
277 1822 301 1898 I,
327 1825 339 1877 1
361 1821 411 1896 (ol.
435 1837 568 1896 prooem.
585 1817 660 1893 HI),
687 1815 730 1890 [in
747 1812 826 1874 Phil.
843 1815 911 1891 IV],
936 1819 985 1888 28,
1009 1817 1046 1874 de
1062 1817 1129 1876 fele.
1146 1817 1206 1892 leg.
1224 1823 1272 1890 35,
1291 1821 1339 1890 43,
1360 1822 1407 1891 45,
1435 1821 1502 1888 113,
1524 1819 1591 1890 178,
1609 1821 1678 1890 301,
1696 1819 1764 1876 adv.
1780 1819 1869 1896 Lepi.
1891 1822 1958 1892 111,
1974 1821 2005 1877 in

211 1923 337 1981 I'imoor.
362 1927 416 1990 65,
449 1925 521 1992 171,
550 1920 619 1976 adv.
643 1917 732 1976 Ouet.
757 1918 803 1990 ΙΙ,
838 1923 887 1992 14,
911 1920 942 1975 in
966 1917 1073 1996 Steph.
1095 1919 1122 1992 Ι,
1153 1926 1180 1993 6,
1212 1921 1261 1994 48,
1287 1919 1329 1993 [iu
1352 1917 1491 1992 Theona]
1517 1923 1575 1993 44;
1606 1919 1641 1976 cf.
1662 1915 1853 1998 βούλεσθαι
1874 1917 2007 1980 ἀκούειν

209 2044 341 2102 prooem.
364 2021 542 2096 XXXVII,
567 2015 620 2080 έθ.
644 2025 748 2080 ποιεῖν
770 2039 903 2096 prooem.
927 2021 951 2090 I,
975 2017 1014 2090 V,
1039 2019 1087 2078 Ol.
1109 2021 1134 2093 Ι,
1158 2025 1186 2093 6,
1209 2019 1269 2095 ΙΠ,
1297 2024 1343 2093 14,
1368 2019 1399 2076 in
1422 2019 1506 2076 Phil.
1527 2018 1550 2091 Ι,
1578 2023 1625 2092 13,
1648 2021 1672 2080 ἐ.
1697 2019 1854 2100 πράττειν
1877 2022 1906 2080 in
1924 2021 2006 2080 Phil.
2036 2045 2040 2058 ·

208 2129 239 2198 Ι,
264 2131 296 2184 6.
319 2127 343 2184 1.
367 2129 476 2184 πονεῖν
497 2124 530 2180 in
551 2121 635 2180 Phil.
660 2121 689 2195 Ι,
719 2125 751 2192 5,
781 2121 804 2178 ἐ.
829 2127 1011 2198 συμμαχεῖν
1034 2118 1090 2182 καὶ
1114 2125 1282 2202 προσέχειν
1304 2122 1335 2180 in
1359 2121 1442 2180 Phil.
1465 2121 1496 2193 I,
1523 2123 1539 2177 6
1566 2125 1638 2196 ete,
1671 2118 1851 2194 έθελοντάς
1874 2121 2008 2184 ἀκούειν

212 2248 342 2307 prooem.
365 2227 395 2296 I,
425 2226 446 2284 έ.
469 2227 703 2305 παραχωρήσει
726 2223 763 2279 ‹le
785 2241 845 2279 eor.
870 2227 919 2281 68.

363 2325 569 2408 είμαρταιε
592 2326 675 2393 ἴσως
696 2320 826 2394 τούτοις
852 2323 911 2400 μὲν
933 2322 969 2385 εί.
999 2319 1152 2403 μηδέποτ’
1177 2317 1213 2386 εύ
1241 2324 1445 2405 πράττουσιν
1474 2315 1509 2386 εὖ
1539 2327 1707 2408 φρονῆσαι
1731 2345 1863 2403 prooem.
1885 2327 2005 2398 XXIV,

211 2433 238 2491 εί
258 2425 342 2508 ,ιιετά
367 2424 523 2509 Θηβαίων
544 2429 620 2502 ήμῖν
641 2421 891 2502 ἀγωνιζομένοις
914 2418 1020 2498 οὕτως
1043 2424 1180 2507 εἵμαρτο
1203 2421 1324 2506 πράξαι
1347 2429 1384 2485 de
1408 2448 1468 2484 cor.
1496 2431 1564 2486 195.

363 2526 468 2593 εἶναι
491 2549 559 2588 oum
580 2529 718 2605 genitivo
733 2530 922 2606 pronominis
945 2529 1095 2589 reflexivi:
1120 2532 1169 2588 sui
1192 2531 1269 2590 iuris
1292 2551 1371 2589 esse:
1395 2531 1486 2606 ὑμῶν
1510 2531 1622 2590 αὐτῶν
1644 2525 1735 2600 ὄντες
1750 2551 1883 2608 prooem.
1900 2531 2007 2590 XLIX

210 2639 257 2696 cll.
272 2631 363 2712 ὑμῶν
378 2630 489 2695 αὐτῶν
504 2633 553 2692 ἔτι
567 2631 625 2692 καὶ
640 2635 698 2691 νῦν
717 2635 906 2706 γενομένους
922 2631 971 2692 01.
987 2633 1029 2704 ΙΙ,
1055 2636 1103 2706 36,
1127 2628 1169 2694 ἀν
1184 2632 1272 2712 ἱμῶν
1288 2634 1398 2693 αὐτῶν
1414 2629 1596 2708 ἐθελήσητε
1611 2621 1773 2708 γενέσθαι
1791 2634 1821 2689 in
1838 2633 1921 2690 Phil.
1937 2635 1960 2700 Ι,
1981 2637 2007 2689 7.

361 2738 430 2806 ele:
453 2736 479 2794 Ι.
501 2736 553 2804 είς
577 2731 656 2809 (τό)
679 2732 772 2793 δέον
794 2739 887 2808 reete,
911 2739 1084 2810 opperiune
1107 2755 1237 2812 prooem.
1252 2733 1334 2792 XXI
1357 2737 1415 2810 (εἰς
1439 2756 1468 2798 τ.
1492 2733 1520 2794 δ.
1537 2734 1710 2813 λέγουσιν),
1733 2734 1760 2790 L
1785 2735 1842 2804 (εἰς
1858 2731 1886 2795 δ.
1902 2753 2007 2794 κατα-

205 2835 408 2920 χρήσεσθε),
439 2836 512 2896 LIV
542 2837 685 2914 (γέγονεν
715 2834 883 2911 ἐπιμέλεια
909 2835 985 2913 ὑμῖν
1012 2838 1059 2908 εἰς
1081 2832 1140 2919 3.),
1168 2835 1218 2894 01.
1241 2836 1307 2904 ΙΙΙ,
1340 2839 1378 2894 28
1409 2831 1640 2913 (ἀνηλώκαμεν
1661 2838 1706 2906 είς
1729 2832 1823 2895 οὐδὲν
1846 2833 1946 2912 δέον),
1974 2839 2005 2894 in

212 2943 292 3001 Phil.
308 2941 333 3014 I,
362 2945 396 2998 14
420 2941 481 3014 (ίς
503 2937 530 2998 ὸ.
553 2937 723 3016 λέγουσιν),
749 2942 788 2995 »16
814 2939 873 3013 (εἰς
895 2933 923 2996 δ.
947 2958 979 2998 τι
1001 2936 1192 3018 κέχρησθε),
1217 2938 1265 3016 [de
1283 2957 1320 2994 ne
1343 2955 1373 3016 p.
1398 2937 1474 3016 ord.]
1499 2943 1516 2997 4
1541 2935 1818 3016 (παραναλίσκετε
1842 2937 1887 3008 είς
1910 2931 2006 2999 οὐδὲν

211 3043 261 3114 ιλ),
285 3042 460 3120 1111111111.
485 3045 525 3100 28
549 3041 608 3116 (είς
629 3035 658 3100 δ.
681 3040 756 3116 ὑμῖν
776 3043 991 3115 γιγνομένας),
1016 3046 1057 3099 41·
1080 3041 1137 3117 (εἰς
1159 3037 1187 3098 δ.
1210 3036 1245 3100 δὲ
1266 3039 1326 3099 νῦν
1348 3041 1506 3115 γέγονεν).

363 3144 408 3202 Π.
433 3145 490 3214 είς
512 3161 601 3202 τινα
624 3143 749 3202 εἰπεῖν
773 3141 879 3216 (sim.):
904 3142 1009 3222 ἐροῖεν
1031 3143 1077 3212 εἰς
1100 3143 1217 3224 ἑτέραν
1240 3138 1419 3216 ἐκκλησίαν
1435 3161 1565 3218 prooem.
1581 3140 1734 3216 XXXIV,
1759 3142 1805 3211 εἰς
1820 3142 1936 3220 ἑτέραν
1952 3140 2005 3200 ἐκ-

213 3248 354 3320 κλησίαν
376 3249 479 3307 εἰπεῖν
501 3243 583 3315 ibid,
606 3237 694 3304 εἶπον
716 3245 763 3314 εἰς
784 3235 869 3319 ύμάς
891 3244 928 3300 ‹le
951 3263 1024 3320 paee
1049 3250 1066 3302 6
1083 3275 1109 3292 =
1132 3245 1168 3301 de
1192 3263 1251 3302 cor.
1279 3249 1346 3316 173,
1370 3247 1416 3314 είς
1438 3239 1499 3316 τήν
1521 3238 1665 3324 ὑστέραν
1688 3247 1739 3318 (so.
1763 3242 1949 3316 ἐκκλησίαν)
1969 3279 2002 3288 -

215 3345 403 3426 ἐδημηγόρει
432 3349 470 3403 de
499 3346 564 3403 fele.
593 3344 649 3420 leg.
677 3350 728 3419 15,
756 3344 939 3423 ἐκκρούσας
967 3335 1065 3415 οὗτος
1093 3348 1139 3416 είς
1161 3342 1220 3420 τήν
1242 3345 1424 3428 ὑστεραίαν
1453 3351 1505 3422 (eo.
1528 3345 1627 3420 ἐκκλ.)
1651 3381 1691 3390 -
1714 3345 1841 3406 ἐπεισεν
1863 3341 2006 3405 ἑλέσθαι

213 3451 252 3508 δε
273 3451 341 3508 fals.
365 3451 423 3525 leg.
452 3451 522 3518 144,
553 3441 612 3507 οάκ
634 3449 679 3516 εἰς
702 3441 762 3521 τήν
783 3445 916 3526 βουλή-ν,
940 3444 1000 3508 ούκ
1022 3451 1067 3518 είς
1090 3445 1149 3509 τὸν
1171 3447 1275 3526 δῆμον
1297 3445 1398 3510 εἱπιύν
1422 3450 1453 3506 in
1476 3448 1606 3508 Timocr.
1629 3451 1683 3520 47,
1708 3451 1753 3518 εὶς
1777 3441 1860 3524 ύμάς
1881 3463 2006 3533 φευσο-

206 3556 328 3628 μένους
350 3551 388 3608 δε
413 3569 473 3608 oor.
496 3549 580 3608 trien
606 3552 653 3608 22.

362 3653 421 3712 m.
444 3655 490 3722 είς
511 3657 575 3713 πᾶν
597 3649 804 3733 προελήλυθε
826 3649 1017 3734 μοχθηρίας
1039 3650 1084 3714 τά
1106 3651 1260 3734 παρόντα
1282 3671 1414 3728 prooem.
1437 3653 1508 3709 I=
1532 3651 1580 3711 Ol.
1595 3653 1656 3725 III,
1682 3657 1708 3724 3,
1732 3646 1771 3712 οἶ
1785 3649 2006 3730 προελήλυθεν

210 3751 387 3832 ἀσελγείας
415 3745 595 3837 ἅνθρωπος
623 3755 655 3812 in
677 3753 758 3813 Phil.
780 3754 806 3828 1,
839 3759 865 3824 9,
894 3756 940 3826 είς
970 3756 1070 3815 τοῦτο
1098 3746 1169 3832 ἀμα
1192 3752 1427 3828 ἀναισθησίας
1449 3754 1508 3815 καὶ
1530 3753 1655 3832 τόλμης
1678 3752 1950 3836 προεληλύθασιν
1974 3756 2005 3812 in

217 3861 340 3918 Androt.
367 3865 404 3918 74
428 3889 456 3908 =
478 3859 511 3916 in
533 3858 662 3917 Timoor.
690 3859 764 3932 182,
796 3856 845 3915 oll.
869 3862 930 3917 τοῦ
950 3862 1061 3935 μέντοι
1083 3851 1186 3918 ταῦθ’
1211 3847 1318 3929 οὕτως
1340 3857 1487 3940 αἰσχρῶς
1508 3852 1775 3938 προεληλυθέναι
1797 3858 1829 3915 in
1852 3855 2004 3914 Aristoor.

216 3963 285 4032 204,
306 3959 435 4034 ἡπόλις
458 3964 506 4031 είς
529 3958 691 4041 ὑπηρέτου
716 3961 825 4036 σχήμα
838 3957 897 4021 καὶ
920 3955 1017 4036 τάξιν
1038 3957 1248 4045 προελήλυθε
1269 3960 1301 4016 in
1316 3959 1470 4018 Aristoor.
1488 3961 1558 4032 210,
1580 3955 1814 4038 προεληλυθώς
1836 3959 1882 4028 είς
1902 3960 2002 4018 τοῦτο

214 4063 247 4120 in
271 4060 375 4140 Steph.
394 4065 421 4138 I,
445 4067 494 4136 83,
520 4065 579 4123 τοῦ
602 4060 637 4122 δὲ
659 4060 856 4144 πράχματος
879 4066 925 4134 είς
947 4065 1046 4124 τοῦτο
1070 4059 1296 4145 προελθόντος
1319 4061 1351 4119 in
1375 4061 1449 4120 (lon.
1475 4067 1502 4134 5,
1525 4055 1576 4144 ἐφ’
1601 4053 1680 4121 ὅσον
1709 4057 1920 4143 φρονήματος
1943 4052 2004 4132 ήδη

211 4159 437 4243 προελήλυθεν
459 4165 491 4222 in
514 4163 587 4222 1113.
616 4167 681 4226 131.
725 4161 892 4244 (Similiter
914 4165 1072 4241 genitivus
1096 4165 1210 4242 pendeo
1231 4185 1267 4222 ex
1281 4167 1327 4235 είς
1349 4165 1449 4224 τοῦτο
1474 4167 1643 4240 (τοσοῦτο)

366 4269 397 4341 ο)
420 4261 644 4348 ἀφικνεῖσθαι
666 4267 698 4323 iu
714 4265 797 4324 Phil.
813 4266 873 4343 III,
899 4271 947 4340 54,
972 4267 1046 4342 [1111.
1063 4265 1157 4340 Phil]
1175 4271 1202 4339 6,
1226 4268 1259 4324 iu
1273 4265 1413 4336 11111112,
1440 4269 1489 4340 62,
1517 4270 1584 4338 194,
1608 4265 1640 4323 in
1655 4265 1881 4336 Ατίε1οιι.66;
1905 4264 1941 4322 ol.
1959 4267 2004 4336 είς

208 4375 309 4431 τοῦτο
324 4364 370 4430 τά
382 4365 561 4448 πράγματα
574 4365 719 4451 ἀφῖκται
730 4369 762 4427 in
773 4369 857 4428 Phil.
868 4370 928 4442 III,
945 4373 972 4443 2,
987 4363 1129 4444 ήλπισαν
1140 4372 1186 4440 είς
1196 4370 1341 4429 τοιαῦτα
1350 4363 1534 4450 πράγματα
1546 4362 1738 4450 ἀφίξεσθαι
1751 4367 1819 4426 edu.
1830 4367 1919 4444 Lepi.
1934 4371 2001 4425 161.

366 4473 400 4550 b)
424 4469 583 4555 ἔρχεσθαι
606 4475 638 4532 in
659 4473 744 4533 Phil.
766 4474 791 4547 I,
817 4477 865 4544 37,
891 4473 966 4548 [1111.
989 4473 1084 4548 Phil]
1111 4475 1137 4546 3,
1164 4474 1211 4544 12,
1237 4471 1285 4548 [de
1308 4470 1385 4527 foed.
1409 4471 1510 4542 Aleon]
1537 4473 1585 4542 26,
1608 4470 1639 4526 in
1660 4468 1732 4526 Mid.
1750 4473 1797 4539 65,
1822 4469 1853 4524 in
1870 4467 2003 4527 Androt.

219 4581 265 4649 16,
286 4579 326 4635 65
352 4606 388 4626 =
414 4575 447 4633 in
470 4576 600 4635 Timocr.
629 4580 695 4650 172,
720 4576 751 4632 in
775 4577 900 4652 Aphob.
924 4577 954 4646 l,
979 4579 1027 4649 25,
1052 4577 1101 4648 31,
1126 4579 1174 4644 46,
1199 4573 1265 4630 adv,
1282 4571 1418 4630 Neusim.
1444 4575 1470 4641 5,
1494 4571 1575 4644 [adv.
1591 4571 1700 4646 Aput]
1726 4573 1775 4644 22,
1799 4571 1869 4630 adv.
1893 4570 2003 4628 Eubul.

216 4682 265 4748 6-1,
289 4678 329 4750 [in
353 4677 465 4755 Euerg.
489 4685 521 4736 et
543 4677 683 4752 Mnesib.]
708 4680 757 4750 28,
784 4683 831 4750 59,
857 4679 899 4751 [in
923 4677 1041 4751 Nonou]
1068 4680 1120 4754 723
1144 4677 1182 4733 ol.
1204 4677 1250 4746 είς
1272 4677 1373 4734 τοῦτο
1397 4670 1562 4745 ἐλήλυθεν
1587 4673 1664 4746 [1111.
1686 4672 1781 4747 Phil]
1805 4679 1832 4744 4,
1856 4675 1900 4742 είς
1923 4663 2001 4744 ὅσην

105 4799 110 4808 ’
213 4777 370 4852 αἰσχύνην
393 4773 436 4840 ἀν
462 4771 480 4854 ι)
502 4777 597 4851 πόλις
620 4781 709 4856 ήμῶν
731 4777 891 4852 ἐληλύθει
913 4779 945 4836 in
969 4781 1120 4837 Aristoor.
1147 4779 1214 4849 142,
1238 4778 1284 4848 είς
1306 4778 1375 4837 πᾶν
1397 4770 1509 4835 ἐλθών
1531 4774 1563 4832 in
1587 4773 1662 4832 Con.
1686 4779 1737 4834 ,13,

222 4967 470 4977 .--..-..-.-..-...,-.,,
495 4971 522 4978 ,-

371 5069 395 5128 1)
413 5070 445 5119 lu
462 5084 567 5130 oomni,
591 5085 658 5132 quae
677 5069 694 5118 i.
713 5071 754 5118 De
773 5083 819 5128 on,
844 5085 913 5131 queo
938 5056 2000 5134 1111111111Πεπιοε111ει11οεεΧΥΙΙ.ε11.περὶτῶνπρόςἈλίξιιιλρονουν-

216 5153 317 5214 θηκιὶν,
335 5167 426 5217 progr.
444 5155 552 5206 scholae
570 5155 708 5215 Thomen,
727 5155 800 5218 Lips.
822 5158 893 5203 1882.

1764 5233 1799 5278 2*
