4614 5752
1138 209 1156 266 6

1069 293 1219 302 ——n—-u

405 408 473 470 Non
496 409 667 486 putendum
682 415 728 468 est
743 409 835 485 locos,
860 429 936 485 quos
952 409 1040 468 modo
1055 411 1275 488 adscripsimus
1292 429 1307 467 e
1323 409 1494 486 prooemiis,
1518 411 1694 489 desumptus
1710 432 1775 471 esse
1791 434 1807 471 e
1821 411 2042 473 Demosthenis

254 512 447 574 orationibus
469 513 609 590 genuinis
632 534 650 573 a
671 513 894 590 prooemiorum
918 513 1049 588 quodem
1072 513 1263 574 fabricatore.
1309 511 1403 571 Haud
1425 533 1495 572 raro
1519 513 1598 572 enim
1620 520 1758 592 repetere
1782 534 1930 574 summum
1946 515 2043 574 Grae-

254 635 355 675 corum
386 620 536 675 oratorem
565 615 666 673 eedem
694 615 725 672 in
754 615 826 674 eliis
849 613 1040 673 orationibus
1068 615 1133 674 sive
1161 614 1270 674 iisdem
1300 614 1392 690 plene
1414 613 1517 672 verbis
1541 615 1606 674 sive
1628 613 1738 674 leviter
1760 615 1939 690 immutatis,
1962 635 2042 692 quae

254 717 413 777 contendit
435 716 468 775 iu
492 717 562 776 aliis
585 716 787 792 cretionibus,
810 713 1004 776 Gersdorfius
1029 717 1113 794 (1.1.)
1137 715 1253 776 docuit.

404 817 582 894 Antequam
604 818 784 896 progredier
805 818 844 877 ad
867 817 1005 892 singulas
1028 820 1199 878 locutiones
1222 821 1254 876 et
1277 835 1364 876 voces
1386 817 1574 890 tractandos,
1599 837 1773 896 comparare
1789 819 1860 878 volo
1877 819 2041 878 dictionem
2146 807 2150 815 ’

250 920 482 998 prooemiorum,
500 939 578 996 quoe
594 921 771 998 conspirant
787 939 853 977 cum
869 919 1030 996 prooemiis
1046 940 1117 979 vere
1129 917 1385 990 Demosthenicis,
1403 938 1470 977 cum
1486 917 1622 978 dictione
1634 919 1805 978 orationum
1816 920 2043 995 Demosthenis,

253 1041 331 1098 quac
353 1043 371 1080 a
392 1022 478 1080 nullo
503 1041 636 1098 unquam
659 1023 861 1098 penninarum
883 1041 1008 1080 numero
1031 1025 1187 1098 exemptae
1210 1025 1292 1080 suut.
1337 1017 1434 1096 Spero
1462 1021 1542 1078 enim
1569 1040 1659 1098 posse
1688 1021 1893 1083 demonstrari
1916 1023 2040 1081 eandem

252 1125 313 1181 lere
336 1122 566 1182 similitudinem
591 1123 779 1181 intercedere
802 1121 882 1180 inter
904 1122 966 1196 illa,
996 1143 1088 1198 quam
1116 1122 1228 1180 habere
1250 1121 1370 1182 dicendi
1393 1141 1490 1197 genus
1512 1123 1737 1199 prooemiorum
1761 1123 1952 1182 collectionis
1975 1143 2040 1182 cum

254 1245 313 1285 usu
336 1225 455 1285 dicendi
479 1226 652 1284 orationum
674 1223 895 1284 Demosthenis
918 1244 1074 1300 nunquam
1096 1225 1128 1282 in
1152 1223 1355 1301 suspicionem
1378 1230 1555 1284 vocatarum
1579 1243 1667 1302 spero
1690 1225 1755 1284 iore
1779 1229 1814 1284 ut
1836 1227 1976 1302 probem:

404 1323 677 1406 ἐγκωμιάζειν
697 1345 828 1404 procem.
851 1326 916 1384 VII
942 1328 993 1400 (=
1014 1326 1051 1384 de
1074 1326 1163 1386 class.
1191 1328 1230 1402 1),
1253 1346 1309 1404 pro
1331 1325 1431 1387 Rbod.
1455 1326 1509 1385 lib.
1533 1325 1582 1398 29,
1612 1326 1730 1388 decor.
1756 1329 1827 1402 213,
1856 1326 1887 1384 in
1911 1325 2061 1386 Timocr..

255 1433 321 1505 127,
345 1431 381 1490 de
405 1450 464 1492 cor.
487 1431 573 1491 trior.
599 1434 625 1503 3,
650 1429 779 1504 [Amet]
807 1433 852 1502 19,
878 1432 927 1487 53.

403 1526 509 1594 εἶναι
531 1551 557 1593 c.
579 1533 640 1590 det.
663 1527 860 1609 βουλόμενος
882 1529 1040 1612 participii
1065 1533 1109 1606 (et
1125 1531 1206 1608 ins.):
1229 1530 1287 1590 ἐάν
1309 1531 1385 1606 ύμῖν
1406 1527 1615 1609 βουλομένοις
1634 1520 1656 1610 ᾗ
1678 1535 1731 1606 (ec.
1748 1527 1894 1606 ἀκούειν)
1911 1550 2042 1608 prooem.

249 1633 331 1694 VIII
354 1637 405 1709 (=
424 1654 479 1711 pro
502 1634 610 1709 Megal.
635 1637 676 1710 3),
700 1635 728 1694 el
749 1630 957 1712 βουλομένοις
978 1629 1056 1711 ύμῖν
1078 1629 1215 1694 ἀκούειν
1237 1631 1328 1692 ἐστὶν
1352 1632 1396 1706 [in
1417 1631 1500 1690 Phil.
1522 1631 1590 1707 IV],
1615 1637 1665 1710 16,
1688 1625 1730 1693 άν
1756 1630 1787 1712 β.
1812 1632 1844 1694 ά.
1869 1623 1889 1712 ᾖ
1912 1628 2041 1700 τούτοις

249 1736 286 1794 dc
309 1757 366 1795 cor.
393 1741 438 1806 11,
469 1726 488 1796 ὅ
517 1754 549 1794 τι
580 1727 623 1796 ἂν
652 1731 860 1814 βουλομένοις
889 1731 916 1795 ri.
940 1727 974 1795 ά.
999 1725 1020 1814 ᾖ
1051 1734 1083 1792 iu
1104 1731 1234 1796 Timocr.
1266 1737 1314 1808 19,
1346 1731 1402 1793 καὶ
1433 1734 1514 1794 πᾶσι
1545 1731 1577 1812 β.
1610 1733 1699 1794 ἐστὶν
1730 1732 1963 1810 ἀπαλλαγῆναι
1996 1731 2040 1806 [in

250 1838 390 1914 Aristog.
414 1838 453 1912 Ι),
479 1841 547 1910 101,
572 1833 631 1897 ἐὰν
652 1836 709 1898 καὶ
733 1839 759 1898 d.
781 1834 814 1915 β.
838 1825 860 1916 ᾖ
883 1836 972 1913 epist.
996 1837 1038 1911 Π,
1062 1839 1091 1897 2.

401 1937 591 2016 timidule)
624 1939 726 2014 ἔχειν
753 1937 788 2000 ἐν
811 1958 873 2000 τινι
897 1938 1041 2011 nonnisi
1064 1957 1196 2015 prooem.
1219 1935 1350 1997 XXVII
1373 1939 1425 2012 (=
1442 1955 1499 2014 pro
1522 1936 1623 1997 Rhod.
1647 1937 1701 1999 lib.
1726 1937 1758 2014 2)
1783 1945 1813 1996 et
1837 1937 1881 2012 [in
1900 1936 2039 2008 Theca]

251 2047 289 2102 00
314 2043 461 2119 occurrit;
485 2043 520 2101 cf.
542 2043 566 2102 ἐ.
590 2041 614 2103 ί.
638 2043 714 2123 περί
733 2061 819 2112 τινος
842 2041 922 2116 [adv.
938 2040 1084 2115 rl.¹im0th.]
1110 2043 1158 2112 16,
1182 2039 1205 2100 ἐ.
1230 2039 1252 2100 ί.
1276 2059 1299 2098 c.
1322 2039 1374 2096 ini.
1399 2039 1456 2099 lut.
1481 2039 1549 2098 adv.
1566 2037 1690 2117 Aphob.
1716 2040 1740 2110 l,
1766 2039 1847 2112 [adv.
1864 2037 1971 2116 Apat]
1990 2037 2039 2095 28.

402 2145 614 2223 ἐπέρχεταί
642 2149 727 2204 τινῖ
746 2165 770 2204 c.
794 2143 963 2202 infinitivo:
987 2145 1023 2204 ἐν
1045 2144 1107 2202 τοῦ
1129 2141 1331 2222 παραχρῆμα
1352 2139 1448 2212 ἐνίοις
1470 2136 1619 2228 ἐπελθεῖν
1642 2133 1686 2202 ύν
1709 2141 1808 2201 εἰπεῖν
1831 2159 1964 2216 prooem.
1987 2137 2041 2197 III

250 2247 415 2320 (201.1‚
443 2253 486 2324 l);
517 2249 538 2306 ί.
561 2267 623 2306 τινι
652 2242 842 2330 φοβεῖσθαι
877 2244 909 2302 in
940 2244 1023 2305 Phil.
1053 2243 1113 2318 ΙΠ,
1144 2249 1193 2314 51,
1226 2251 1361 2326 φρονεῖν
1389 2243 1426 2302 de
1456 2243 1543 2302 class.
1573 2245 1621 2316 29,
1654 2243 1755 2303 εἰπεῖν
1779 2261 1834 2318 pro
1856 2239 1967 2316 Megnl.
1994 2243 2040 2312 18,

249 2357 382 2411 σκοπεῖν
404 2350 435 2408 iu
459 2348 612 2409 Aristocr.
642 2354 669 2420 5,
700 2341 998 2428 (διαπράττεσθαι)
1027 2347 1108 2422 [edv.
1131 2345 1270 2426 Macest]
1294 2349 1322 2419 2,
1349 2344 1493 2426 γράφειν
1521 2344 1612 2420 epist.
1634 2345 1657 2416 I,
1688 2349 1717 2418 4,
1745 2337 2040 2424 παρρησιάζεσθαι

250 2453 323 2514 ibid.
345 2451 388 2526 ΙΙ,
415 2456 447 2522 7;
472 2453 507 2510 ci.
530 2447 633 2530 είσῄει
655 2470 709 2528 μοι
733 2445 878 2532 φθονεῖν
900 2449 932 2506 in
954 2447 1106 2506 Aristocr.
1132 2449 1200 2507 188.

402 2551 669 2638 ἐφικνεῖσθαί
694 2571 813 2625 τινοςε
842 2543 887 2612 ὧν
909 2547 977 2612 oud
1004 2544 1046 2612 άν
1069 2545 1115 2622 εἶς
1136 2544 1239 2625 ἀξίως
1262 2545 1443 2630 ἐφικέσθαι
1467 2545 1604 2609 δύναιτο
1628 2549 1675 2627 τῷ
1698 2546 1786 2627 λόγῳ
1809 2567 1942 2626 prooem.
1965 2545 2040 2618 VII,

250 2661 300 2734 (=
319 2659 357 2718 dc
380 2658 467 2716 close.
494 2659 532 2734 1),
563 2653 632 2716 οὐδ’
663 2649 706 2716 άν
733 2649 778 2726 εἷς
805 2650 939 2714 δύναιτο
966 2647 1150 2734 ἐφικέσθαι
1181 2657 1229 2732 τῷ
1255 2649 1342 2728 λόγῳ
1369 2655 1436 2711 τῶν
1464 2651 1533 2710 ἐκεῖ
1556 2652 1671 2711 κακῶν
1692 2656 1750 2712 νῦν
1773 2643 1881 2711 ὄντων
1912 2650 1949 2708 de
1971 2648 2040 2707 sals.

250 2762 308 2836 leg.
333 2762 388 2830 653
412 2759 480 2820 cdv.
503 2759 594 2836 Lept.
621 2761 688 2830 122,
712 2777 768 2836 pro
791 2755 914 2828 Phorm.
939 2759 988 2830 11,
1011 2755 1035 2816 ἐ.
1059 2758 1106 2834 τῷ
1129 2751 1217 2832 λόγῳ
1239 2760 1301 2812 τοῦ
1322 2750 1462 2825 κάλλους
1485 2753 1611 2829 [Amet]
1639 2755 1686 2813 15.

399 2862 704 2939 κεχαρισμένος,
715 2858 875 2931 iucundus,
890 2856 1003 2926 suavis,
1017 2876 1148 2934 prooem.
1158 2856 1223 2917 VII
1236 2857 1287 2930 (=
1300 2857 1432 2916 declass.
1447 2859 1485 2932 1),
1502 2855 1539 2914 de
1549 2856 1616 2914 fals.
1629 2857 1688 2931 leg.
1703 2857 1772 2926 239,
1792 2855 1891 2930 [Deci.
1902 2855 1974 2927 sun]
1991 2855 2038 2912 12.

401 2959 582 3023 ταυτὶ-
604 2958 735 3020 tucri:
766 2959 822 3020 ucri
846 2961 913 3020 τῶν
934 2957 994 3036 μέν
1016 2955 1123 3034 ταυτὶ,
1146 2959 1213 3019 τῶν
1236 2956 1272 3019 δέ
1295 2955 1391 3018 ταυτὶ
1413 2953 1621 3038 βουλομένων
1645 2975 1776 3034 prooem.
1800 2955 1882 3016 VHI
1910 2955 1960 3028 (=
1979 2974 2036 3031 pro

247 3065 354 3141 Megnl.
371 3067 413 3142 2),
436 3065 483 3142 τῷ
505 3062 563 3140 μὲν
585 3058 666 3124 εἶναι
691 3083 717 3123 τ.
741 3059 812 3140 περὶ
835 3055 941 3121 αὐτοῦ
962 3053 1113 3136 νομίζειν,
1136 3064 1184 3138 τῷ
1206 3057 1242 3122 δέ
1266 3080 1295 3121 τ.
1318 3059 1350 3117 in
1373 3057 1501 3117 Timocr.
1526 3062 1576 3121 68.

401 3163 607 3246 ὑπάρχειν
639 3163 760 3236 πάντες
789 3159 943 3244 ὑπάρχειν
973 3157 1154 3239 ἐγνωκότες
1182 3161 1289 3238 έμοιγε
1316 3157 1443 3222 δοκεῖτε
1475 3179 1608 3238 prooem.
1632 3157 1763 3219 XXVII
1792 3159 1842 3232 (=
1861 3175 1917 3233 pro
1940 3153 2039 3214 Rhod.

249 3271 302 3331 lib.
329 3262 521 3348 1),Ἑπειὸἰ)
548 3268 658 3328 τοίνυν
685 3263 760 3343 ύμῖν
782 3264 956 3342 ἐγνωκέναι
985 3259 1029 3324 τά
1055 3261 1172 3323 δίκαια
1201 3269 1304 3324 ποιεῖν
1330 3261 1467 3344 ὑπάρχει
1497 3282 1553 3340 pro
1576 3260 1676 3320 Rhod.
1699 3261 1754 3320 lib.
1779 3262 1828 3334 30,
1859 3255 2039 3336 τοῦτομὲν

248 3370 316 3455 γάρ
337 3373 365 3432 ὑ.
389 3368 473 3448 ὑμᾶς
495 3367 627 3442 είδύτας
650 3371 795 3447 ἡγοῦμαι
818 3368 855 3427 de
878 3387 938 3426 cor.
962 3371 1010 3426 95.

402 3471 464 3545 cic:
489 3468 538 3543 ὠς
559 3467 626 3552 γὰρ
648 3471 757 3542 ἁπλῶς
780 3473 879 3530 εἰπεῖν
901 3487 1033 3547 prooem.
1049 3466 1179 3528 XXVII
1197 3469 1248 3537 (ιτ
1266 3488 1323 3545 pro
1338 3466 1438 3526 Rhod.
1461 3465 1514 3527 lib.
1536 3469 1574 3543 1),
1599 3465 1666 3526 adv.
1689 3463 1777 3541 Lept.
1798 3466 1864 3536 121,
1890 3461 1933 3534 sig
1948 3459 1980 3524 ά.
1998 3463 2036 3520 εί.

250 3579 299 3654 [ed
314 3577 396 3636 Phil.
419 3579 476 3653 ep]
501 3577 529 3651 2,
553 3569 597 3646 uic
619 3575 654 3635 εί.
676 3573 744 3632 ed'v.
760 3571 897 3631 Nausim.
921 3575 947 3643 0,
972 3565 1091 3644 σχεδὸν
1113 3569 1157 3640 ως
1180 3571 1216 3630 εί.
1241 3569 1278 3627 de
1300 3569 1366 3628 sels.
1390 3569 1449 3644 leg.
1477 3571 1543 3642 100,
1567 3567 1610 3638 ὠς
1631 3566 1706 3638 ἔπος
1730 3567 1766 3627 εί.
1790 3565 1821 3624 in
1837 3565 1920 3623 Phil.
1944 3563 1984 3635 11,
2012 3567 2036 3630 1,

247 3681 306 3754 ΙΠ,
338 3683 387 3750 17,
419 3678 455 3736 de
480 3695 540 3734 cor.
571 3680 599 3748 1,
632 3676 669 3734 dc
691 3673 758 3734 sele.
779 3673 836 3750 leg.
861 3676 931 3746 261,
963 3672 1031 3731 eds.
1054 3672 1145 3748 Lept.
1172 3675 1240 3746 140,
1272 3670 1302 3729 in
1326 3669 1456 3732 Timocr.
1482 3673 1530 3744 38,
1555 3671 1626 3740 212,
1655 3668 1781 3744 [Amet]
1810 3674 1834 3742 l,
1868 3663 1911 3736 ὠς
1942 3665 1979 3724 εί.
2002 3663 2037 3721 ἐν

245 3780 419 3864 κεφαλαίῳ
443 3779 524 3854 [adv.
547 3777 631 3852 Zeu]
659 3780 704 3852 13,
736 3777 781 3848 nic
802 3772 830 3835 δ’
856 3779 890 3836 ἐν
912 3795 939 3835 κ.
962 3777 998 3836 εί.
1023 3772 1285 3844 edv.Bosot.11‚
1310 3777 1359 3846 35,
1388 3770 1511 3848 nigredo
1533 3767 1721 3848 ὑπομνῆσαι
1750 3771 1782 3828 in
1805 3767 1888 3826 Phil.
1911 3765 1954 3841 ΙΙ,
1985 3766 2034 3834 37,

247 3882 290 3957 nis
313 3881 375 3944 σύν
399 3879 494 3952 θεοῖς
517 3877 677 3962 εἰρῆσθαι
702 3879 789 3956 epist.
812 3878 838 3950 1,
865 3881 890 3936 3.

402 4001 524 4075 Quibus
547 3997 724 4077 praemissis
746 3997 879 4055 dicemus
902 3993 1075 4052 litterarum
1095 3994 1206 4053 ordine
1229 3999 1352 4054 servato
1375 3994 1412 4052 de
1434 3993 1565 4070 singulis
1593 3991 1802 4054 locutionibus
1830 3993 1862 4044 et
1891 3984 2033 4060 verbist)

399 4099 617 4184 ἀβέλτερος
638 4119 770 4178 prooem.
793 4097 890 4156 XLII
912 4097 943 4154 in
965 4095 1049 4154 Phil.
1073 4095 1131 4170 ΙΠ,
1159 4101 1205 4168 11,
1230 4097 1267 4156 de
1289 4115 1346 4155 cor.
1371 4097 1441 4169 338,
1466 4095 1547 4171 [adv.
1561 4095 1697 4166 Phorm]
1724 4093 1776 4167 11,
1801 4089 1836 4147 cf.
1859 4081 2034 4168 ύπεραβέλ·

246 4225 333 4288 τεροι
360 4201 544 4286 προφάσεις
582 4205 625 4280 [in
649 4201 782 4279 Olymp]
807 4203 861 4272 423
891 4194 1083 4279 (άβελτεριά
1113 4201 1155 4273 [in
1178 4199 1262 4257 Phil.
1283 4198 1353 4274 IV]‚
1378 4201 1426 4271 33,
1460 4199 1497 4256 de
1519 4196 1584 4255 sels.
1607 4196 1664 4268 leg.
1696 4195 1745 4266 98,
1774 4195 1841 4268 100,
1869 4193 1934 4261 110,
1961 4191 2030 4257 205,

248 4311 372 4386 [Amet]
401 4309 461 4386 11.)

399 4405 538 4490 άγαθῇ
560 4405 668 4490 τύχῃε
693 4407 724 4468 ά.
742 4427 768 4468 τ.
791 4400 981 4467 πείθεσθαι
1004 4423 1134 4480 prooem.
1149 4401 1287 4478 XXXII,
1311 4403 1420 4461 ταῦτα
1441 4407 1563 4463 ποιεῖτε
1586 4401 1617 4462 d.
1640 4417 1669 4461 τ.
1694 4396 1818 4470 01.111,
1840 4397 1885 4468 18,
1909 4386 2034 4468 άγαθῇ

244 4509 283 4590 γ’,
306 4507 365 4585 ούγ
386 4508 482 4589 ὁρᾶς,
505 4510 584 4591 τύχῃ
608 4503 847 4592 συμβεβιωκὼς
870 4507 907 4566 de
930 4526 989 4565 cor.
1014 4508 1084 4579 200,
1108 4505 1144 4564 ci.
1165 4499 1250 4580 μετά
1274 4507 1330 4580 τῆς
1353 4499 1492 4579 ἀγαθῆς
1517 4523 1545 4564 τ.
1570 4500 1659 4580 epist.
1682 4501 1708 4574 I,
1735 4503 1781 4558 10.

401 4815 427 4880 1)
447 4817 514 4866 Cum
527 4813 723 4877 aliquantulum
735 4816 769 4866 sd
782 4815 976 4866 accuratiorem
988 4811 1179 4862 Demosthenis
1192 4826 1255 4862 usus
1273 4809 1398 4874 loquendi
1417 4809 1598 4875 cognitionem
1617 4807 1738 4858 conterre
1755 4816 1798 4851 me
1817 4813 1895 4863 posse
1914 4796 2034 4846 viderem

245 4929 278 4940 -
296 4917 376 4968 seepe
400 4901 471 4952 enim
497 4905 657 4950 numerent
675 4907 845 4962 etaugerem
862 4897 1026 4950 Rehdautzii
1043 4897 1144 4947 indices
1172 4902 1200 4946 et
1225 4897 1387 4960 corrigerem
1410 4895 1476 4945 mihi
1493 4893 1609 4958 contigit
1633 4918 1672 4946 -,
1697 4901 1778 4950 quam
1801 4883 1931 4949 pluss'mw
1953 4893 2033 4930 i'002⁸

245 4995 363 5040 trectere
385 4986 521 5047 constitui,
546 4999 708 5048 quamquam
731 4983 801 5033 hunc
822 4983 864 5033 vel
887 4983 960 5032 illam
982 4983 1069 5032 mlum
1092 4982 1127 5032 sd
1150 4981 1347 5046 prooemiorum
1369 4979 1534 5031 collectionis
1558 4976 1690 5040 originem
1717 4969 1909 5036 explorandam
1934 4965 2027 5016 velere

246 5089 299 5124 non
317 5072 480 5138 negaverim.
