4614 5752
1150 266 1301 360 „152-

476 470 505 544 ο)
530 460 620 543 ἥκειν
644 467 719 541 [litt.
735 467 831 543 Phil.]
856 471 905 542 20,
930 469 978 541 [de
1000 469 1078 528 foed.
1095 456 1201 542 Alexl’
1219 471 1265 540 12,
1287 466 1325 525 de
1348 486 1408 524 cor.
1433 468 1483 539 22,
1506 467 1543 524 de
1566 467 1633 526 sals.
1650 469 1708 544 leg.
1727 470 1775 538 72,
1800 467 1844 546 [in
1860 467 2000 546 Aristog.
2015 471 2052 548 1),
2072 477 2121 542 43,

324 591 381 648 pro
404 568 530 628 Phorm.
555 573 603 642 46,
628 573 677 644 48,
701 571 733 626 in
756 567 863 647 Steph.
886 570 912 644 Ι,
939 573 986 643 73,
1011 571 1080 628 adv.
1102 569 1211 629 Boeot.
1233 569 1275 643 H,
1300 571 1348 642 28,
1373 571 1422 642 49,
1448 571 1495 640 58,
1522 567 1601 641 [adv.
1625 568 1769 648 callipp.]
1796 573 1844 631 28.
1871 567 1913 643 [in
1938 571 2078 646 Dionys]
2094 578 2120 632 3.

479 691 512 766 (1)
535 687 689 767 προάγειν
715 689 747 746 in
769 689 903 747 Androt.
935 694 971 747 73
998 717 1035 736 =
1067 689 1099 746 in
1122 689 1253 748 Timocr.
1284 691 1356 756 1863
1386 689 1436 746 cll.
1464 690 1509 758 είς
1537 688 1638 747 τοῦτο
1664 681 1724 762 ἤδη
1753 694 1942 770 προηγμένα
1969 691 2119 766 τυγχάνει

322 789 432 854 πάντα
454 787 499 851 τά
520 789 702 870 πράγματα
717 789 749 846 in
763 789 847 848 Phil.
863 789 905 862 11,
931 793 958 862 2,
981 793 1027 861 είς
1044 783 1127 863 ὅσην
1142 787 1301 864 αἰσχύνην
1316 792 1373 849 καὶ
1390 783 1532 864 ἀδοξίαν
1546 794 1665 871 προῆγε
1681 786 1739 865 τὴν
1755 790 1849 852 πόλιν
1865 793 1907 866 [in
1924 793 2117 870 Aristog.1],

325 898 354 959 8,
377 893 432 954 καὶ
457 890 495 952 τὸ
517 889 634 972 πρᾶγμ’
662 894 707 963 εἰς
729 897 828 952 τοῦτο
850 897 993 972 προῆκτο
1015 893 1082 950 adv.
1097 892 1248 951 Pantaen.
1269 898 1314 963 13,
1338 896 1384 963 εί,1
1407 896 1508 952 τοῦτο
1529 891 1733 972 προαγαγών
1749 895 1876 974 (111011.)
1894 902 1922 969 ὃ,
1945 895 2027 974 πρὸς
2041 887 2119 969 ὅσης

325 997 448 1067 κακίας
472 993 654 1074 ἱπερβολην
678 987 762 1069 ὑμεῖς
784 995 802 1054 ὀ
824 989 923 1070 νόμος
945 991 1081 1076 προάγει
1104 995 1174 1055 adv.
1196 994 1288 1072 Lept.
1313 997 1361 1052 30.

481 1117 509 1190 e)
534 1111 722 1192 προβαίνειν
750 1113 824 1185 [litt.
853 1111 946 1185 Phil.]
979 1118 1025 1185 10,
1057 1113 1099 1186 [in
1127 1113 1239 1189 Euerg.
1267 1119 1297 1172 et
1326 1111 1466 1188 Ποεεί6.)
1492 1117 1545 1184 23,
1575 1115 1611 1172 cf.
1636 1118 1728 1196 με’γρι
1757 1118 1815 1174 τοῦ
1845 1115 2047 1197 προβήσεται
2077 1117 2120 1180 τὰ

326 1200 509 1296 πράγματα
531 1236 662 1292 prooem.
684 1214 809 1274 XXIII.

477 1320 503 1394 1)
527 1315 681 1395 προήκειν
705 1319 824 1374 decor.
848 1315 934 1374 trier.
961 1319 1014 1374 19:
1038 1318 1075 1376 cf.
1099 1311 1143 1375 τά
1167 1315 1200 1376 δὲ
1224 1313 1406 1396 πράγματα
1430 1321 1476 1390 εἰς
1499 1323 1598 1379 τοῦτο
1620 1317 1813 1396 προήκοντα
1836 1319 1885 1379 01.
1908 1323 1969 1394 ΠΙ,
1996 1329 2019 1381 1.

479 1440 625 1514 Legimus
648 1443 806 1514 praeterea
829 1437 874 1506 είς
896 1437 997 1494 τοῦτο
1023 1436 1115 1512 (sim.)
1139 1432 1352 1495 καθιστάναι
1374 1437 1410 1493 de
1434 1456 1493 1494 cor.
1519 1439 1589 1510 222,
1613 1437 1738 1498 (1ο1εΙε.
1761 1438 1819 1514 leg.
1843 1441 1913 1512 288,
1937 1443 2006 1498 adv.
2026 1442 2116 1520 Lepi.

330 1548 375 1612 11,
399 1543 430 1600 in
454 1539 606 1599 Aristocr.
633 1541 703 1612 132,
726 1539 793 1596 adv.
815 1537 964 1595 Pantaen.
991 1541 1036 1610 11,
1062 1533 1143 1620 [adv.
1159 1537 1302 1611 Timoth]
1328 1544 1353 1610 1,
1377 1535 1573 1617 περιστάναι
1597 1539 1722 1612 01111,
1747 1543 1774 1614 9,
1798 1541 1835 1599 de
1858 1562 1919 1600 cor.
1935 1546 2005 1617 201,
2027 1556 2119 1626 προῖ-

326 1648 396 1705 ίναι
424 1645 460 1702 de
489 1662 562 1720 pace
593 1645 629 1699 15
658 1639 695 1698 cl.
723 1640 755 1697 in
778 1639 861 1700 Phil.
884 1639 951 1716 III,
987 1645 1017 1714 1,
1047 1633 1240 1716 ἐπάγεσθαι
1269 1640 1300 1696 in
1323 1640 1406 1698 Phil.
1434 1642 1501 1714 ΠΙ,
1533 1648 1563 1714 1,
1593 1643 1625 1700 in
1652 1643 1807 1702 Aristocr.
1841 1648 1907 1706 173.
1952 1644 2118 1706 Genitivus

327 1747 455 1806 additus
478 1749 526 1804 est
547 1763 607 1802 non
628 1742 698 1800 nisi·
713 1741 746 1799 in
767 1741 920 1800 Arislocr.
949 1743 1004 1802 132
1029 1743 1086 1816 (εἰς
1109 1742 1209 1800 τοῦτο
1230 1747 1416 1816 κατέστησε
1439 1773 1482 1787 ··-
1504 1743 1669 1826 ἀπορίας).

480 1859 530 1940 ὲξι
544 1863 570 1922 Ι.
586 1855 625 1936 ἐξ
639 1853 737 1920 ὅτου
752 1858 792 1920 δὲ
807 1857 959 1942 τρόπον
974 1879 1106 1936 prooem.
1121 1860 1194 1933 XX,
1218 1863 1287 1920 adv.
1303 1861 1410 1922 Boeot.
1426 1863 1452 1934 Ι,
1477 1867 1526 1936 33,
1551 1864 1595 1936 [in
1609 1863 1727 1937 Neaerl
1745 1868 1793 1936 43,
1810 1867 1834 1925 ἐ.
1851 1859 1878 1926 ὅ.
1894 1885 1922 1928 τ.
1939 1887 1995 1943 pro
2011 1868 2121 1945 Megal.

329 1973 380 2040 13,
404 1968 426 2026 ὲ,
449 1955 490 2026 οὗ
511 1962 546 2026 δὲ
568 1985 597 2024 τ.
621 1963 653 2021 in
676 1963 807 2021 Ihmocr.
831 1967 902 2038 202,
925 1963 949 2024 ἐ.
972 1959 1008 2023 δὲ
1029 1959 1150 2022 τούτου
1171 1964 1232 2024 τοῦ
1253 1985 1284 2024 τ.
1307 1963 1339 2021 in
1363 1963 1517 2024 Aristoor.
1544 1967 1591 2040 12,
1615 1967 1648 2023 in
1669 1965 1798 2025 Timocr.
1824 1973 1893 2042 101,
1916 1969 1948 2027 in
1963 1968 2069 2048 Sl-eph.
2093 1972 2117 2044 Ι,

327 2072 375 2135 42,
399 2068 437 2128 ἔιι
458 2087 548 2138 τινος
570 2086 599 2127 τ.
621 2085 677 2143 pro
699 2064 822 2123 Phorm.
847 2069 880 2138 4,
911 2068 960 2138 33,
986 2067 1034 2138 33,
1067 2065 1090 2124 ὲ.
1115 2061 1238 2138 παντὸς
1259 2064 1381 2148 τρόπον
1404 2066 1452 2126 01.
1474 2067 1536 2138 ΠΙ,
1562 2071 1588 2140 7,
1607 2067 1650 2142 [in
1671 2066 1813 2144 Aristog.
1834 2071 1871 2149 Ι),
1895 2075 1948 2146 30,
1974 2072 2044 2146 (Π),
2069 2077 2119 2148 23,

326 2175 402 2243 [adv.
425 2169 562 2242 Ποσει-1.]
591 2173 615 2226 1.
1946 2159 1949 2163 ’

479 2270 522 2328 Π.
545 2269 586 2329 ἐκ
609 2271 686 2328 τῶν
708 2265 1058 2347 παρεληλυθότων
1074 2263 1230 2348 χρόνων
1257 2289 1387 2346 prooem.
1411 2269 1500 2342 XXI,
1526 2272 1568 2344 [in
1591 2272 1731 2348 Aristog.
1754 2274 1811 2351 11],
1835 2277 1884 2350 22,
1907 2277 1931 2335 ἐ.
1956 2282 2014 2335 τοῦ
2035 2297 2066 2340 π.
2084 2297 2118 2352 γ.

329 2373 360 2430 in
382 2373 467 2430 Phil.
489 2371 517 2446 I,
544 2377 567 2444 1,
593 2374 621 2432 2.
645 2371 676 2428 in
699 2369 828 2428 Timocr.
852 2376 907 2440 1103
929 2373 965 2428 cf.
988 2371 1012 2432 ε.
1035 2374 1104 2430 τοῖν
1126 2364 1266 2431 ἄνωθεν
1281 2390 1313 2444 γε
1336 2391 1469 2448 prooem.
1490 2371 1598 2442 XXX;
1622 2374 1658 2432 ἐκ
1680 2369 1802 2444 παντὸς
1819 2373 1941 2456 χρόνον
1964 2379 2011 2451 [de
2034 2400 2066 2436 re
2089 2403 2119 2456 p.

327 2475 402 2548 orel]
428 2479 477 2546 35,
499 2476 524 2534 ὲ.
547 2492 577 2533 π.
602 2477 660 2532 τοῦ
676 2492 710 2546 χ.
735 2471 778 2546 [in
798 2471 884 2530 Phil.
898 2473 968 2546 11⁷1,
993 2478 1041 2546 54,
1064 2474 1184 2530 decor.
1208 2476 1256 2544 26,
1282 2479 1330 2547 00,
1356 2476 1424 2544 203,
1448 2475 1518 2532 adv.
1539 2474 1630 2551 Lept.
1657 2481 1724 2550 141,
1748 2477 1778 2533 in
1802 2479 1954 2537 Aristocr.
1982 2485 2034 2554 73,
2062 2503 2118 2559 pro

327 2577 450 2637 Phorm.
477 2581 531 2650 16,
560 2577 630 2634 adv.
652 2576 800 2634 Pantaen.
824 2580 879 2650 60,
910 2576 978 2636 adv.
1001 2575 1139 2634 Nausim.
1162 2577 1216 2646 22,
1249 2577 1272 2633 ί.
1294 2571 1452 2636 ἁπάντων
1473 2579 1540 2637 τῶν
1556 2597 1588 2652 γ.
1611 2577 1642 2634 in
1665 2577 1796 2640 TImocr.
1823 2585 1890 2648 100,
1914 2584 1950 2641 ἐκ
1972 2581 2119 2656 πλείονος

323 2681 448 2760 χρόνον
472 2679 529 2752 [εδ.
552 2677 635 2736 Phil.
657 2683 715 2754 ορ.)
743 2683 790 2756 10,
812 2680 835 2738 ί.
860 2681 919 2736 τοῦ
941 2676 1058 2738 λοιποῦ
1076 2696 1107 2750 γ.
1131 2678 1173 2750 [in
1197 2677 1314 2751 Nenen]
1339 2684 1388 2736 46.

478 2781 538 2839 ΠΙ.
554 2784 567 2839 ε’
573 2799 595 2839 ιι
613 2777 797 2850 πλείονος
812 2775 832 2854 η’“
848 2781 905 2840 νῦν
918 2777 975 2838 καὶ
985 2776 1220 2860 γαλεπωτίρον
1236 2775 1353 2854 σάζειν
1368 2778 1556 2858 πειρᾶσθαι
1571 2801 1701 2859 prooem.
1714 2784 1903 2860 XXXVIII,
1918 2791 1954 2848 ίκ
1962 2790 2118 2850 πλείστου

328 2879 573 2966 φνλάττεσθαι
594 2883 626 2940 in
650 2883 723 2940 llid.
748 2885 818 2955 220,
841 2877 876 2957 ἐξ
896 2881 1069 2956 ἐλαχίστου
1090 2889 1298 2964 τριηραρχεῖν
1320 2883 1357 2942 de
1380 2904 1439 2942 cor.
1463 2884 1547 2941 trier.
1573 2889 1599 2940 7.

479 2985 535 3044 IV.
556 2981 674 3062 λόγον
701 2987 742 3044 ἐκ
774 2983 894 3062 λόγον
916 2982 1025 3060 λέγειν
1046 3004 1178 3062 prooem.
1202 2984 1292 3057 LVI,
1315 2984 1343 3046 λ.
1368 2987 1392 3046 ὲ.
1416 2984 1445 3045 λ.
1469 2984 1575 3063 λέγων
1597 2988 1634 3045 de
1657 3008 1716 3046 cor.
1741 2993 1811 3060 313,
1835 2988 1960 3050 ἐλπίσιν
1982 2996 2005 3052 ε.
2030 2993 2116 3053 ἐλπί-

327 3085 392 3148 δων
414 3089 451 3146 de
474 3089 544 3146 fals.
566 3089 626 3162 leg.
652 3091 699 3146 18.

481 3187 595 3262 ἐλπίς
623 3189 741 3270 (ἐστιν)
770 3191 914 3266 coniungi
943 3191 1025 3267 apud
1048 3189 1282 3248 Demosthenem
1311 3208 1377 3246 cum
1407 3187 1561 3248 infinitivo
1593 3191 1702 3250 aoristi
1727 3193 1904 3264 Karlowa¹l
1928 3194 2116 3254 observavit:

326 3311 459 3369 prooem.
482 3291 579 3350 XXX
604 3291 654 3350 bis
684 3288 856 3369 (γενέσθαι
885 3297 917 3352 et
944 3290 1158 3372 δινηθῆναι),
1187 3290 1364 3350 XXXVIII
1392 3287 1596 3368 (γενέσθαι),
1627 3291 1729 3366 011,
1763 3299 1799 3351 14
1829 3291 2062 3370 (τελευτῆσαι),
2085 3300 2116 3355 in

328 3395 410 3453 Phil.
428 3395 454 3466 Ι,
477 3398 495 3452 2
520 3391 719 3470 (γενέσθαι).
742 3395 775 3453 in
791 3395 941 3457 Aristocr.
962 3399 1031 3454 106.
1067 3393 1249 3453 Infinitivus
1274 3394 1374 3452 futuri
1399 3394 1531 3451 occurrit
1554 3395 1596 3467 [in
1611 3395 1728 3470 Περεῖ.)
1749 3401 1784 3452 57
1805 3399 2118 3474 (περιγενήσεσθαι),

328 3495 373 3556 of.
396 3492 511 3556 ἐλπίδα
534 3497 631 3570 ἔσχον
652 3497 775 3557 τοῦτον
797 3492 1058 3572 άποσχήσεσθαί
1077 3517 1132 3573 μοι
1160 3495 1238 3567 [οδε.
1262 3493 1368 3570 Aput]
1393 3497 1442 3568 28,
1469 3492 1559 3564 ἐλπίς
1588 3496 1702 3570 (ἐστιν)
1731 3501 1790 3554 τοτ’·
1817 3495 2116 3580 παρακρούσεσθαι

326 3595 384 3658 καὶ
417 3603 589 3680 φενακιεῖν
620 3600 699 3672 [adv.
730 3599 814 3671 Zeu.)
845 3603 897 3672 31,
933 3601 989 3657 τοῦ
1022 3606 1198 3674 μετασχεῖν
1229 3597 1273 3676 [in
1303 3597 1441 3671 Theocrl
1475 3599 1528 3670 65,
1564 3600 1638 3674 περί
1658 3618 1746 3669 τινος
1780 3601 1859 3674 [adv.
1886 3599 2031 3670 Timoth]
2065 3601 2114 3666 46,

326 3701 493 3782 σωτηρίας
515 3701 559 3780 lin
581 3699 718 3778 Theona]
745 3705 769 3758 1.

480 3800 662 3878 ἐμποδών
683 3821 818 3878 prooem.
839 3799 1035 3875 XXXVIII,
1059 3799 1197 3872 01111,
1223 3803 1255 3874 8,
1278 3801 1311 3859 in
1333 3801 1417 3860 Phil.
1440 3801 1471 3878 I,
1500 3803 1546 3876 18,
1569 3823 1625 3879 pro
1647 3801 1749 3862 Rhod.
1774 3805 1827 3862 lib.
1852 3811 1906 3880 30,
1929 3825 1985 3882 pro
2008 3802 2116 3876 Megal.

329 3906 384 3974 25,
407 3902 446 3961 de
468 3923 530 3962 cor.
557 3907 631 3974 101,
655 3903 692 3960 de
715 3903 783 3961 sals.
805 3903 863 3978 leg.
889 3908 942 3974 73,
966 3903 998 3960 in
1020 3901 1094 3960 llil.
1120 3907 1189 3976 104,
1213 3902 1246 3959 in
1267 3902 1422 3963 Aristocr.
1450 3910 1495 3976 14,
1523 3909 1592 3982 140,
1616 3906 1695 3978 [οδε.
1717 3906 1826 3982 Aput]
1852 3911 1905 3975 253
1929 3907 1965 3964 cf.
1988 3901 2117 3981 ἐμποδί-

332 3997 398 4075 ζειν
420 4015 451 4064 in
472 4005 602 4064 Timocr.
625 4009 678 4074 94,
702 4002 887 4078 ἐμπόδισμα
909 4005 942 4062 in
962 4004 1045 4064 Phil.
1068 4003 1128 4076 III,
1154 4009 1179 4063 7.

482 4126 534 4184 ὲνε
560 4125 584 4183 1.
628 4126 668 4186 ἔν
691 4127 776 4186 τινί
796 4125 912 4186 ἐστιν
933 4131 979 4182 est
1002 4143 1094 4202 penes
1116 4123 1267 4199 aliquem,
1291 4143 1323 4182 οε
1345 4125 1422 4202 liegt
1442 4125 1493 4184 hei
1512 4127 1650 4204 jemand,
1672 4125 1786 4184 beruht-
1808 4127 1862 4185 aul
1877 4125 2013 4201 jemand:
2037 4116 2119 4184 ὅσον

217 4247 220 4254 ·
328 4225 419 4286 ἐστὶν
445 4227 478 4286 ἐν
508 4221 584 4303 ὑμῖν
610 4245 742 4304 prooem.
765 4227 831 4284 XII
856 4255 892 4274 =
921 4225 954 4283 in
975 4227 1131 4286 Aristocr.
1155 4231 1190 4296 4;
1219 4225 1309 4286 ἐστὶν
1336 4227 1370 4286 ἐν
1398 4221 1474 4303 ὑμῖν
1501 4229 1533 4285 in
1556 4227 1628 4286 Mid.
1653 4230 1728 4295 227,
1757 4229 1788 4284 in
1811 4226 1935 4304 Aphob.
1958 4224 1989 4299 I,
2024 4230 2055 4301 1,
2084 4227 2118 4285 ἐν

328 4321 445 4399 αὐτοῖς
467 4329 542 4405 ἡμῖν
565 4330 632 4388 ἐπι
655 4330 686 4386 in
709 4327 792 4386 Phil.
814 4329 840 4398 I,
865 4332 913 4385 50.

482 4432 525 4488 II.
549 4433 589 4492 ὲν
611 4428 653 4491 δὲ
677 4430 729 4508 τῷ
751 4427 823 4508 περὶ
846 4427 976 4491 τούτων
998 4436 1131 4492 σκοπεῖν
1152 4425 1267 4503 ὄντες
1288 4451 1418 4510 prooem.
1441 4431 1528 4506 XIV,
1558 4434 1592 4494 ἐν
1615 4430 1708 4509 αὐτῷ
1730 4435 1777 4510 τῷ
1798 4426 1860 4504 την
1881 4423 2007 4508 είρήνην
2029 4427 2118 4504 ποιη-

330 4529 464 4592 σασθαι
489 4535 544 4609 (sc.
567 4527 671 4608 ὄντες)
696 4533 734 4590 δε
757 4532 863 4594 Chers.
888 4537 937 4602 03,
961 4528 1004 4593 τά
1028 4531 1220 4610 πράγματα.
1243 4537 1279 4595 ἐν
1299 4529 1347 4608 οἷς
1369 4524 1409 4604 ἦν
1433 4531 1509 4594 τότε
1532 4535 1569 4592 de
1591 4535 1658 4592 fals.
1682 4533 1740 4607 leg.
1767 4537 1835 4590 140.

480 4635 542 4694 ΙΠ.
566 4635 606 4695 ἐν
628 4654 697 4706 εον,
721 4635 818 4712 apud:
841 4635 876 4694 ἐν
897 4631 974 4712 ὑμῖν
995 4633 1099 4712 λέγειν
1120 4655 1253 4712 prooem.
1275 4637 1332 4714 ΧΙ,
1354 4636 1389 4698 ἐν
1412 4629 1461 4706 οἷς
1483 4631 1649 4714 ἐγίγνονθ’
1674 4634 1706 4693 οἱ
1728 4631 1820 4711 λόγοι
1842 4652 1974 4712 prooem.
1990 4632 2115 4708 XXIV;

327 4737 361 4795 ὲν
383 4735 459 4811 ὑμῖν
481 4737 518 4794 de
541 4735 647 4796 Chore.
674 4737 712 4796 10
735 4733 968 4816 (διαβάλλειν),
998 4739 1036 4796 27
1060 4743 1291 4816 (κατηγορεῖν),
1317 4744 1354 4797 74
1379 4737 1617 4818 (δημηγορεῖν),
1641 4737 1849 4812 οε1ε1ε.1εη.
1874 4739 1913 4794 72
1938 4737 1985 4809 (ἐν
2007 4731 2117 4805 ἄλλοις

482 5043 507 5102 1)
525 5041 733 5106 Bemerkungen
753 5057 815 5092 zum
835 5043 1074 5106 Spmehgebrauch
1097 5043 1145 5092 des
1163 5043 1359 5093 Demosthenes
1381 5043 1430 5092 mit
1455 5044 1718 5105 Beriiclisiehtiguug
1742 5041 1856 5090 anderer
1877 5040 1984 5090 attieoh.
2003 5040 2116 5095 Bedner.

329 5128 430 5190 Progr,
449 5128 547 5186 Ploess,
568 5131 641 5186 1883,
659 5142 685 5191 p.
705 5131 745 5175 20.
